2290 3102
1006 298 1233 337 *9-

195 412 295 452 idem
321 409 533 461 significare
561 408 736 449 videatur
762 411 874 457 atque
905 409 1061 458 „satis“:
1089 410 1140 458 II,
1170 408 1204 458 3,
1233 407 1257 446 2
1285 410 1467 447 hactenus
1487 410 1533 446 de
1561 408 1684 447 officio
1712 409 1862 447 bubulci
1893 409 2037 447 dixisse

197 479 350 517 abunde
377 480 447 514 est.
475 476 521 524 V,
554 475 610 523 12,
640 476 662 512 5
703 477 885 513 hactenus
927 479 973 514 de
1000 477 1197 514 arboribus
1237 477 1477 523 praecepisse
1519 478 1667 514 abunde
1698 480 1767 515 est.
1812 477 1878 524 IV,
1912 476 1968 525 19,
2000 476 2041 524 1;

195 547 242 593 V,
272 544 307 592 3,
337 543 382 592 9,
409 543 456 590 V,
486 541 521 590 9,
554 543 618 590 18;
647 542 713 590 VI,
742 541 803 590 26,
833 541 875 591 4,
903 542 993 591 XII,
1023 542 1083 591 55,
1117 544 1148 582 1.

381 606 613 647 Adverbium
644 607 928 656 „admodum“
959 618 1002 645 eo
1030 619 1111 656 usu,
1140 609 1202 655 qui
1241 610 1289 645 ad
1325 619 1535 645 sermonem
1571 611 1765 655 vulgarem
1803 611 2037 646 revocandus

198 680 267 724 est,
297 676 505 712 Columella
532 675 724 711 coniunxit
751 686 832 711 cum
860 676 1041 712 vocabulo
1073 675 1253 722 „nimius“
1286 675 1352 723 IV,
1382 674 1442 723 21,
1471 674 1494 712 2
1523 675 1596 713 nisi
1624 675 1655 713 si
1684 677 1881 715 admodum
1923 676 2039 714 nimia

199 745 353 781 ubertas
381 741 507 788 plures
535 740 751 787 postulabit.

385 808 540 854 „Adeo
569 816 653 842 non
683 827 728 830 —
757 807 829 842 ut“
861 817 926 852 pro
950 809 1116 852 „tantum
1145 808 1263 852 abest,
1293 810 1333 843 111
1353 829 1397 833 ——
1420 808 1481 843 ut“
1514 809 1611 853 apud
1641 809 1884 845 columellam
1913 820 2040 846 occur-

197 875 263 912 rit:
294 874 344 921 ΙΙ,
378 875 434 920 11,
464 872 486 910 5
515 873 612 919 quod
649 871 797 910 etiamsi
830 883 904 909 non
932 871 1051 919 fieret,
1090 883 1342 919 supervacuus
1370 874 1495 909 tamen
1530 875 1633 910 esset
1669 873 1802 912 cultus.
1841 885 1920 910 cum
1941 875 2040 915 ‚sola

196 942 290 978 haec
324 950 385 976 res
414 940 508 975 adeo
536 950 610 975 non
637 938 839 975 infestetur
865 938 1004 984 herbis,
1032 940 1074 974 nt
1101 938 1183 983 ipsa
1210 939 1351 975 herbas
1379 940 1548 984 perimat.
1578 940 1642 985 Vl,
1664 939 1724 986 37,
1754 940 1793 982 3:
1810 941 1976 987 Xpraef.
2005 943 2039 978 5.

386 1015 653 1063 „Deinceps
697 1026 764 1061 pro
792 1014 973 1061 {deinde
1003 1013 1181 1060 scriptum
1209 1016 1285 1051 est:
1315 1014 1364 1059 ΙΙ,
1393 1013 1426 1061 9,
1457 1014 1504 1051 10
1532 1015 1624 1052 illud
1654 1015 1831 1063 deinceps
1856 1016 2037 1063 praecipi-

199 1085 335 1122 endum
363 1083 495 1130 habe0,
524 1084 566 1119 ut
593 1104 639 1108 —-
670 1081 918 1119 consulamus.
960 1079 1005 1118 cf.
1034 1080 1085 1128 ΙΙ,
1127 1077 1183 1128 10,
1214 1080 1282 1128 26,
1311 1080 1340 1127 Ι,
1370 1081 1404 1128 8,
1442 1079 1480 1129 6,
1510 1082 1558 1129 lI,
1606 1082 1662 1130 10,
1701 1081 1766 1131 11,
1798 1083 1868 1130 ΙΙΙ,
1910 1081 1965 1130 16,
1998 1082 2039 1130 1,

196 1149 263 1196 IV,
290 1148 325 1196 3,
354 1150 395 1197 5;
426 1148 471 1196 V,
501 1147 535 1196 9,
566 1146 633 1196 18;
662 1148 769 1194 VIII,
802 1146 858 1194 11,
892 1145 955 1194 123
985 1147 1054 1193 IX,
1083 1148 1118 1192 9,
1152 1148 1191 1194 13
1219 1147 1298 1182 XII
1325 1147 1440 1192 praef.
1469 1150 1503 1184 5.

383 1225 567 1263 Similiter
605 1224 825 1261 adverbium
858 1222 1004 1270 „mox“
1036 1223 1253 1270 Columella,
1291 1223 1500 1269 aequalium
1530 1225 1739 1271 exemplum
1768 1228 1929 1272 secutus,
1960 1237 2041 1263 sae-

196 1292 351 1340 pissime
378 1301 444 1339 pro
476 1290 659 1338 „deinde“
692 1290 861 1327 adhibet:
891 1289 956 1337 VI,
977 1287 1038 1336 27,
1070 1287 1116 1325 12
1135 1289 1315 1335 paulatim
1338 1289 1473 1325 deinde
1495 1292 1754 1335 producendus
1772 1293 1845 1328 erit
1873 1313 1921 1317 —-
1942 1303 2040 1330 111011.

197 1369 279 1395 oum
306 1357 446 1394 firmior
472 1356 596 1402 fuerit,
625 1357 663 1392 in
690 1367 829 1402 pascua
856 1356 1111 1392 dimittendus.
1142 1356 1210 1401 VI,
1240 1354 1300 1401 32,
1332 1355 1369 1403 1,
1400 1356 1464 1393 Vl.
1494 1355 1554 1402 38,
1587 1356 1626 1403 1,
1656 1357 1741 1394 Vll.
1781 1357 1815 1396 ἵ),
1838 1356 1902 1403 22,
1933 1358 2039 1396 VIII.

200 1423 231 1470 1,
261 1422 300 1471 6,
330 1423 399 1470 XI,
429 1421 463 1469 3,
493 1421 537 1470 9,
566 1422 635 1468 XI,
665 1420 699 1468 3,
729 1423 798 1468 56,
827 1421 916 1467 XII,
946 1420 1013 1468 35,
1043 1421 1131 1465 XII,
1162 1420 1221 1468 45,
1246 1423 1278 1457 5.
1307 1422 1354 1457 al.

385 1498 613 1546 „Demum“
645 1498 813 1535 nonnulli
842 1500 1044 1545 argenteae
1064 1496 1264 1534 latinitatis
1281 1496 1492 1542 scriptores
1512 1510 1578 1544 pro
1601 1500 1788 1544 „tantum“
1810 1501 1998 1539 adhibent.
2015 1504 2038 1549 ¹)

196 1567 257 1604 Ita
295 1566 518 1604 Collumella
545 1565 650 1602 dicit:
680 1565 709 1612 I.
744 1566 773 1612 1,
808 1566 823 1601 1
855 1564 886 1601 is
916 1565 1062 1601 demum
1092 1563 1337 1600 cultissimum
1369 1575 1431 1600 rus
1460 1564 1622 1601 habebit.

385 1643 573 1691 „Quippe“
605 1653 718 1688 saepe
761 1644 891 1678 eodem
929 1653 1042 1678 sensu
1080 1643 1280 1686 usurpatur
1308 1643 1418 1686 atque
1451 1642 1617 1687 „enim“:
1650 1642 1806 1689 lpraef.
1835 1644 1882 1682 26
1904 1646 2037 1693 quippe

199 1711 300 1748 aliud
329 1710 447 1757 exigit
474 1709 646 1756 equinum
675 1712 893 1746 armentum.
922 1708 950 1754 Ι,
981 1707 1013 1755 1,
1048 1706 1112 1756 143
1142 1707 1171 1744 I.
1201 1706 1234 1745 5.
1265 1705 1308 1755 93
1338 1707 1407 1745 IX.
1442 1707 1471 1745 1.
1502 1709 1542 1755 5,
1573 1708 1641 1746 XI.
1677 1711 1706 1756 1,
1737 1711 1770 1747 8.
1802 1711 1849 1748 al.

386 1789 501 1836 „Ita“
541 1791 682 1826 duobus
710 1788 802 1823 locis
844 1799 910 1833 pro
956 1788 1077 1833 „tam“
1120 1799 1201 1823 cum
1239 1789 1429 1824 adverbiis
1468 1791 1718 1826 connectitur:
1763 1792 1806 1835 V,
1836 1791 1869 1837 6,
1909 1792 1957 1828 28
1986 1794 2055 1839 ita,

198 1856 320 1903 longe.
350 1856 456 1902 VIII,
491 1854 546 1901 14,
575 1852 598 1890 8
625 1853 679 1890 ita
704 1853 958 1900 pertinaciter.

386 1933 673 1983 „Tanq11a1n“
706 1933 913 1970 Columella
953 1932 1135 1979 primusff)
1178 1932 1230 1968 ita
1271 1933 1453 1980 adhibuit,
1499 1936 1540 1969 ut
1579 1934 1676 1970 idem
1720 1935 1907 1981 significet
1942 1940 2038 1982 quod

202 2003 390 2049 „exempli
419 2001 554 2037 causa“
585 2001 648 2037 vel
678 2000 777 2047 „ut“,
811 1998 976 2045 „quasi“,
1009 1998 1180 2044 „velut“:
1210 1999 1239 2045 I,
1269 1997 1302 2044 6,
1333 1998 1355 2035 9
1383 2002 1423 2035 nt
1460 2001 1667 2036 custodiam
1704 2002 1889 2047 recipiant
1917 2004 2040 2040 humi-

199 2070 329 2105 darum
362 2078 489 2105 rerum
518 2069 695 2112 tanquam
724 2066 802 2103 vini
830 2067 894 2101 aut
921 2063 995 2100 olei
1023 2063 1221 2100 venalium.
1251 2064 1321 2110 ΙΙΙ,
1356 2064 1410 2102 11.
1441 2064 1480 2112 5,
1511 2066 1555 2112 V,
1586 2067 1619 2113 2,
1655 2070 1691 2115 13
1723 2068 1766 2114 V,
1798 2069 1831 2114 ⁵2,
1862 2069 1895 2105 6,

1067 2167 1085 2213 ξ
1115 2166 1173 2204 14.

383 2236 622 2275 Adverbia
658 2236 837 2273 nonnulla
875 2236 928 2272 ita
964 2240 1200 2283 usurpantur,
1242 2240 1284 2273 ut
1322 2248 1401 2282 pro
1443 2237 1710 2274 adiectivis
1752 2240 1914 2283 posita
1956 2251 2041 2277 esse

197 2304 420 2342 videantur:
450 2305 480 2351 I,
510 2302 544 2351 9,
577 2304 599 2340 2
627 2303 796 2349 quamvis
833 2302 1059 2350 necessaria,
1106 2314 1179 2339 non
1219 2304 1344 2339 tamen
1388 2301 1481 2339 satis
1510 2305 1569 2339 est
1609 2302 1767 2340 indoles.
1810 2305 1860 2351 ΙΙ,
1905 2304 1963 2353 10,
1994 2305 2041 2342 20

198 2369 328 2417 iugero
357 2370 473 2408 modii
499 2371 578 2407 tres
607 2370 754 2406 abunde
783 2371 879 2416 sunt,
908 2368 997 2415 XII,
1030 2370 1089 2415 46,
1122 2368 1140 2405 1
1171 2369 1317 2405 abunde
1346 2371 1433 2405 sunt
1461 2379 1517 2415 ea,
1547 2380 1642 2414 quae
1662 2373 1733 2406 etc.
1764 2371 1808 2407 cf.
1828 2372 1878 2418 ΙΙ,
1909 2373 1942 2419 2,
1972 2371 2040 2420 21,

197 2437 269 2484 ΙΙΙ,
299 2435 358 2483 16,
387 2437 429 2483 3,
456 2436 501 2482 V,
531 2435 565 2482 5,
594 2434 634 2482 2,
663 2435 769 2481 VIII,
803 2434 858 2481 17,
888 2433 921 2471 3.
962 2434 1008 2481 V,
1039 2433 1074 2481 6,
1103 2433 1152 2471 28
1180 2434 1213 2470 si
1241 2434 1294 2470 ita
1321 2434 1431 2480 longe
1459 2435 1670 2472 tabulatum
1699 2439 1767 2473 est.

383 2502 577 2540 Interdum
613 2512 751 2540 voces
780 2500 1091 2539 adverbiales
1120 2510 1202 2547 pro
1238 2498 1488 2537 adiectivo
1517 2500 1808 2539 attributivo
1836 2507 2039 2549 ponuntur:

199 2568 231 2615 I,
255 2568 290 2615 1,
337 2569 360 2605 6
387 2568 505 2605 Poeni
532 2579 580 2605 ex
599 2568 729 2604 Africa
755 2568 974 2613 scriptores;
1003 2568 1053 2613 II,
1081 2568 1117 2613 4,
1148 2567 1191 2602 11
1230 2566 1339 2603 effeta
1378 2570 1415 2602 et
1442 2567 1523 2604 sine
1544 2578 1654 2604 succo
1683 2569 1815 2607 humus
1843 2570 2040 2616 peruritur.

374 2694 393 2730 ¹)
418 2695 481 2724 Cfr.
506 2695 768 2724 Krebs-Schmalz
791 2694 955 2723 Antibarb.
980 2695 990 2722 l
1014 2702 1062 2730 pg.
1088 2697 1142 2722 378
1165 2702 1189 2721 s.
1214 2702 1242 2721 v.
1271 2695 1412 2721 demum.

373 2743 395 2780 2,
422 2744 484 2773 Cfr.
510 2744 770 2773 Krebs-Schmalz
795 2743 960 2772 Antibarb.
984 2744 1008 2771 ll
1033 2751 1081 2780 pg.
1106 2746 1160 2771 385
1184 2751 1209 2771 s.
1235 2751 1262 2771 v.
1289 2746 1448 2780 tanquam.
