2290 3102
1034 262 1072 304 ἑ
1125 276 1176 315 50
1232 297 1279 303 -.

221 387 538 434 altitudinemque
566 387 741 426 defossus
769 386 1015 434 tripedaneus
1043 386 1191 424 abunde
1219 388 1290 434 est,
1317 385 1521 423 latitudine
1548 388 1676 424 tamen
1704 386 1924 433 bipedanea.
1965 385 2011 432 V,
2041 386 2076 434 8,

221 453 245 491 4
273 454 360 491 olea
386 453 508 492 maior
534 455 584 492 ad
611 464 750 501 escam,
798 452 921 490 minor
952 452 1036 490 oleo
1072 455 1132 490 est
1158 452 1291 499 aptior.
1345 452 1414 499 (At
1440 451 1570 490 confer
1598 452 1757 490 ibidem:
1813 452 1945 499 Regia,
1984 463 2079 498 quae

222 519 347 566 potius
377 529 490 558 escae
517 530 628 567 quam
656 519 740 556 oleo
768 521 829 555 est
856 518 1019 563 idonea).
1065 517 1132 564 VI,
1162 517 1197 565 2,
1226 516 1248 554 6
1277 517 1402 555 ventri
1431 521 1470 554 et
1497 518 1566 555 sub
1594 517 1774 555 feminam
1817 527 1967 555 manum
1995 517 2081 554 sub-

222 585 339 623 icere.
375 584 465 636 VII,
498 588 555 635 12,
583 584 608 623 2
634 595 749 622 unum
776 594 897 631 genus
925 584 1110 621 adversus
1139 582 1327 620 hominum
1357 583 1517 620 insidias
1546 583 1711 630 eligitur,
1741 586 1780 620 at
1807 583 1970 620 alterum
1998 595 2080 630 pro-

221 650 413 697 pellendis
441 650 590 691 iniuriis
617 649 808 689 hominum
836 659 881 686 ac
908 649 1083 686 ferarum.
1138 648 1247 696 VIII,
1279 648 1338 695 11,
1368 647 1390 686 3
1419 649 1525 686 cuius
1552 649 1675 686 tribus
1702 649 1886 696 laterihps
1915 650 2082 696 porticus

222 715 463 762 applicantur
490 718 530 751 et
556 714 596 751 in
623 717 756 760 quarto
785 716 882 751 duae
911 715 1042 751 cellae.

410 780 449 830 4)
484 780 904 828 Praepositiones:
949 780 1021 828 III,
1055 781 1112 828 10,
1143 779 1190 818 18
1219 782 1316 827 quod
1344 792 1419 819 non
1446 784 1593 818 tantum
1620 782 1670 818 de
1687 783 1713 828 ¹)
1749 782 1954 819 seminibus
1982 783 2086 828 legu-

222 847 376 895 minum,
406 848 475 884 sed
503 846 543 883 in
569 849 651 884 tota
677 846 963 894 agricolationis
991 846 1140 884 ratione
1167 846 1308 884 dictum
1337 857 1423 885 esse
1452 846 1750 895 intellegendum
1779 851 1848 885 est.
1895 848 1941 895 V,
1971 849 2006 895 6,
2040 846 2085 885 10

221 914 318 951 rami
345 914 395 950 ad
422 913 608 951 orientem
637 917 677 951 et
703 914 742 951 in
770 913 1005 950 occidentem
1033 913 1255 960 dirigantur.
1305 913 1351 960 V,
1380 913 1414 959 8,
1443 913 1466 950 4
1495 914 1619 951 0101118
1648 917 1687 950 et
1713 914 1841 951 radius
1870 914 2005 951 melius
2034 917 2081 950 ad

221 989 348 1016 escam
376 989 487 1025 quam
515 978 555 1015 111
581 978 766 1025 liquorem
795 978 1005 1026 stringitur.
1048 978 1140 1025 XII,
1162 978 1223 1026 54,
1244 977 1267 1016 2
1297 979 1438 1016 olivam
1466 979 1505 1016 in
1533 979 1684 1027 regulas
1713 979 1775 1017 vel
1804 979 1842 1016 in
1869 990 1967 1017 novo
1994 980 2085 1017 fisco

223 1045 374 1082 adicito.

408 1111 448 1157 5)
483 1110 802 1158 Praepositio
834 1110 979 1157 „cum“
1011 1114 1149 1156 atque
1186 1110 1421 1158 particula
1452 1111 1560 1158 „et“:
1605 1110 1622 1148 1
1653 1111 1770 1158 praef.
1801 1110 1848 1149 12
1876 1123 1957 1149 011111
1986 1112 2087 1149 istud

222 1188 314 1224 opus
342 1187 418 1214 non
445 1177 567 1214 solum
596 1176 807 1224 scientiam,
836 1177 905 1213 sed
924 1177 1039 1213 etiam
1059 1176 1219 1213 viridem
1240 1180 1405 1213 aetatem
1425 1187 1508 1213 cum
1536 1178 1670 1214 robore
1690 1177 1856 1224 corporis
1886 1177 2087 1214 desideret.

224 1244 243 1281 1
273 1243 391 1291 praet.
418 1240 469 1280 30
496 1242 657 1281 Brutum
684 1246 751 1280 aut
778 1242 946 1280 Caelium
974 1242 1259 1289 Pollionemque
1287 1254 1370 1280 cum
1390 1243 1558 1280 Messala
1585 1248 1624 1280 et
1651 1243 1778 1280 Calvo.
1809 1243 1838 1289 I,
1873 1243 1903 1289 l,
1932 1242 1956 1279 8
1977 1243 2082 1280 Peri-

221 1308 379 1355 patetici
405 1308 590 1355 magister
616 1319 661 1345 ac
688 1308 896 1355 discipulus
924 1308 1155 1345 Aristoteles
1184 1319 1266 1345 cuin
1294 1308 1568 1355 Theophrasto.

409 1371 447 1423 6)
483 1373 793 1412 Adiectivum
820 1374 1018 1419 aliquod
1046 1377 1092 1410 et
1119 1374 1375 1421 genetivus
1404 1375 1477 1410 vel
1506 1385 1589 1411 vox
1616 1375 1980 1420 praepositione
2011 1387 2086 1412 ex-

221 1449 398 1486 pressa:
429 1438 495 1486 VI,
515 1437 551 1486 3,
581 1437 626 1476 11
656 1438 793 1476 hiemis
820 1438 1023 1487 frigoribus
1051 1443 1117 1477 aut
1143 1439 1302 1477 aestivis
1330 1438 1484 1477 solibus.
1526 1438 1613 1487 VII,
1641 1441 1676 1487 3,
1706 1438 1752 1477 21
1783 1440 1917 1478 ulmeis
1946 1441 2008 1479 vel
2038 1453 2086 1478 ex

220 1505 371 1543 fraxino
396 1505 604 1542 frondibus.

409 1568 447 1619 7)
483 1570 742 1617 Tempora:
771 1570 802 1618 I,
830 1571 866 1617 ὃ,
896 1570 920 1606 2
947 1570 1042 1607 haec
1087 1570 1154 1618 (sc.
1181 1571 1297 1619 unda)
1327 1571 1359 1608 si
1387 1570 1539 1608 deficiet
1565 1575 1605 1609 et
1631 1582 1717 1618 spes
1748 1592 1795 1597 —-
1829 1572 2005 1620 coegerit.
2034 1573 2084 1619 II,

224 1636 283 1683 18,
313 1636 333 1673 1
363 1637 525 1673 alterum
553 1646 701 1673 omnem
720 1646 872 1672 succum
899 1637 933 1672 si
959 1637 1098 1682 amisit,
1127 1637 1327 1673 stramenti
1354 1637 1475 1673 vicem
1491 1637 1647 1683 obtinet,
1675 1637 1835 1673 alterum
1863 1638 1897 1674 si
1924 1638 2078 1675 nimium

222 1701 435 1750 retinuerit,
462 1701 657 1749 putrescit.
691 1700 759 1749 IV,
787 1699 849 1749 21,
878 1701 901 1739 3
929 1700 989 1739 sin
1016 1701 1106 1739 vitis
1134 1712 1293 1749 procera
1319 1701 1435 1740 fuerit
1460 1702 1655 1749 locumque
1683 1702 1857 1741 idoneum
1888 1704 2083 1742 obtinebit.

224 1769 292 1816 VI,
320 1769 356 1815 7,
383 1769 409 1804 4
450 1770 549 1814 quod
594 1768 628 1805 si
667 1779 789 1813 neque
829 1767 975 1805 ventris
1016 1768 1204 1804 restiterit
1244 1768 1361 1804 citata
1401 1768 1592 1813 proluvies
1620 1788 1669 1792 —-
1704 1769 1881 1814 cibosque
1922 1774 2088 1816 respuet.

225 1834 292 1883 VI,
312 1832 349 1882 8,
366 1835 390 1871 2
418 1834 452 1871 81
479 1844 602 1881 neque
629 1844 746 1872 ranae
773 1833 915 1871 fuerint
941 1844 1062 1880 neque
1090 1834 1200 1872 alvus
1228 1833 1347 1872 citata
1374 1838 1413 1871 et
1440 1834 1681 1872 nihilominus
1701 1835 1804 1872 cibos
1833 1846 1908 1872 non
1927 1840 2092 1882 appetet,

225 1903 256 1949 Ι,
284 1901 320 1949 8,
349 1900 372 1939 7
400 1901 557 1938 semitas
583 1900 667 1937 fieri
693 1912 741 1937 110
768 1901 936 1947 patiatur
961 1911 1058 1937 neve
1086 1900 1274 1946 hospitem
1304 1920 1350 1924 —
1379 1900 1574 1946 receperit.
1603 1899 1689 1946 VII,
1720 1901 1753 1946 7,
1781 1900 1807 1936 4
1834 1910 1918 1937 011111
1945 1899 2080 1938 effetae

224 1968 309 2006 loca
336 1967 521 2016 genitalia
547 1967 745 2005 tumebant
771 1970 837 2004 aut
863 1966 1053 2004 secundae
1094 1976 1169 2003 non
1195 1965 1471 2012 responderint.
1514 1966 1559 2013 V,
1591 1966 1623 2012 1,
1652 1964 1675 2003 2
1703 1971 1745 2003 ut
1772 1967 1859 2004 boni
1887 1968 2085 2005 venatoris

226 2038 286 2071 est
312 2054 363 2059 —-
390 2044 526 2080 capere
553 2043 624 2069 nec
651 2032 825 2077 cuiquam
852 2032 985 2078 culpae
1012 2031 1085 2068 fuit
1114 2052 1160 2056 —
1190 2031 1349 2078 cepisse.
1392 2031 1463 2078 ΙΙΙ,
1492 2031 1527 2079 5,
1556 2031 1578 2068 2
1607 2031 1690 2069 81νο
1718 2033 1930 2070 necessitas
1960 2035 2087 2080 postu-

225 2099 367 2137 laverit
395 2120 438 2124 —
470 2098 639 2135 sentient
666 2119 712 2124 —
743 2097 825 2135 sive
853 2108 946 2144 ager
973 2098 1229 2134 conserendus
1258 2101 1318 2134 est
1345 2118 1394 2122 -
1422 2098 1651 2135 coalescunt.
1694 2098 1764 2144 IX,
1801 2098 1836 2145 8,
1874 2098 1897 2135 3
1933 2101 2031 2145 quod
2058 2103 2091 2140 si

225 2176 301 2203 non
327 2164 514 2212 contingit
540 2175 584 2201 ac
612 2174 792 2201 neccesse
821 2158 1069 2200 habuerimus.
1121 2162 1213 2209 XII,
1243 2161 1304 2209 38,
1333 2162 1355 2198 3
1384 2174 1465 2199 011111
1499 2164 1636 2201 deinde
1674 2165 1732 2201 bis
1769 2170 1930 2202 mustum
1968 2166 2091 2202 defer-

227 2230 353 2267 buerit
380 2234 419 2266 et
446 2230 504 2266 bis
532 2232 702 2266 curatum
732 2232 802 2265 est.
832 2229 923 2275 XII,
952 2228 1013 2275 54,
1049 2230 1061 2264 1
1095 2228 1128 2263 81
1157 2228 1231 2264 erit
1260 2249 1305 2253 —
1336 2228 1369 2264 si
1397 2239 1466 2265 nec
1501 2229 1595 2266 haec
1632 2229 1757 2266 fuerit.
1794 2229 1906 2277 XIII,
1942 2229 1977 2277 7,
2007 2230 2030 2267 5
2059 2232 2092 2267 si

227 2295 318 2334 vitis
346 2295 543 2332 materiam
571 2294 728 2331 habebit
755 2298 794 2330 et
820 2294 1033 2331 diducenda
1061 2294 1135 2329 erit
1168 2314 1210 2317 —
1239 2304 1358 2338 neque
1386 2295 1561 2339 potuerit.
1591 2294 1636 2330 cf.
1667 2295 1733 2341 VI,
1761 2296 1823 2342 30,
1852 2295 1887 2332 3.

415 2374 455 2423 8)
493 2374 637 2412 Modi:
668 2375 699 2422 I,
728 2375 764 2422 8,
799 2378 814 2411 1
846 2385 1062 2422 promoneo,
1092 2386 1139 2411 ne
1169 2374 1335 2412 villicum
1364 2386 1410 2412 ex
1439 2387 1483 2413 eo
1511 2388 1652 2423 genere
1684 2388 1892 2423 servorum,
1922 2378 1984 2422 qni
2012 2388 2091 2414 001·-

227 2454 319 2489 pore
348 2442 391 2487 pl
405 2446 654 2487 acuerunt,
683 2441 938 2486 instituamus,
967 2452 1015 2476 ne
1044 2450 1091 2476 ex
1120 2450 1164 2475 eo
1193 2440 1341 2485 quidem
1387 2441 1530 2489 ordine,
1559 2442 1621 2488 qui
1664 2446 1767 2479 artos
1797 2442 2091 2479 exercuerit.

227 2506 357 2556 11,15,
374 2506 397 2544 6
426 2506 506 2544 illic
534 2506 770 2544 convertitur
798 2506 1159 2553 permisceaturque.
1188 2505 1253 2552 VI,
1270 2507 1329 2553 24,
1346 2507 1368 2543 4
1398 2519 1471 2544 non
1499 2508 1652 2545 dubium
1681 2512 1751 2555 est,
1780 2509 1843 2545 ubi
1872 2508 2000 2555 pabuli
2028 2508 2094 2545 sit

226 2573 389 2620 laetitia,
404 2583 516 2620 posse
541 2573 713 2610 omnibus
742 2573 853 2610 annis
884 2578 1031 2619 partum
1050 2572 1224 2619 educari3
1255 2579 1294 2610 at
1325 2575 1386 2611 ubi
1417 2575 1575 2621 penuria
1603 2578 1693 2621 est,
1724 2575 1882 2612 alternis
1911 2575 2091 2612 submitti.

404 2717 426 2753 1)
451 2717 588 2746 Codices
610 2718 787 2745 deteriores
807 2718 960 2745 omittunt
985 2717 1090 2750 ,‚de‘·.
