2290 3102
1023 303 1279 343 ,24-

410 419 572 467 „Inter
599 417 764 455 initia“
798 433 838 449 =
889 416 1093 463 „initio“,
1135 416 1232 461 quod
1279 414 1471 451 invenitur
1512 416 1611 462 apud
1652 414 1812 462 Celsum,
1854 414 1952 453 Pliu.
1996 416 2079 463 maJ.

221 487 338 534 Suet,
367 487 466 533 apud
494 485 741 523 Columellam
769 483 932 520 occurrit
958 482 1009 529 II,
1040 480 1099 529 10,
1127 479 1196 529 28,
1226 480 1292 528 VI,
1321 479 1382 527 32,
1413 480 1449 529 1,
1488 482 1643 528 „Inter
1670 481 1875 518 eetera“:
1905 482 1956 530 II,
1986 482 2020 530 9,
2057 484 2081 519 6

221 554 322 590 inter
349 555 478 589 cetera
504 552 679 598 ignorare
707 560 781 586 non
810 550 1000 585 debemus.
1028 547 1100 593 III,
1133 545 1168 593 3,
1199 545 1231 582 1.
1259 545 1406 592 (Cicero
1435 546 1527 583 dicit
1557 548 1627 593 „de
1656 546 1834 595 cetero“).

412 617 501 666 „Ob
529 616 638 655 hoc“
661 627 727 663 pro
746 615 846 662 „ide
863 614 905 651 o“
925 613 1062 651 dicitur
1089 612 1175 659 VII,
1206 613 1242 659 3,
1264 611 1330 658 21;
1359 612 1466 659 VIII,
1496 612 1530 659 5,
1556 612 1610 650 17.
1642 615 1773 660 „Per“
1796 626 1909 662 saepe
1938 620 2085 655 accedit

222 688 270 723 ad
302 684 615 732 significationem
642 680 933 729 praepositionis
965 679 1063 726 „in“,
1100 678 1219 716 veluti
1247 678 1354 724 VIII,
1383 676 1418 724 2,
1449 679 1472 714 2
1500 679 1595 726 avis,
1630 690 1725 725 quae
1753 692 1820 727 per
1847 693 1975 720 omnes
2003 684 2082 722 fere

222 753 336 790 villas
365 749 604 796 conspicitur.
633 747 721 794 VII,
755 745 810 792 10,
842 745 860 782 1
892 757 959 791 per
994 756 1135 791 pascua
1176 737 1396 780 consistunt.
1440 744 1583 781 Eadem
1625 748 1903 792 praepositione
1953 751 2081 796 „per“

223 828 367 855 causa
394 813 679 862 exprimitur
707 811 854 856 (utiam
884 812 983 857 apud
999 810 1251 856 Ciceronem):
1282 809 1347 855 VI,
1376 810 1437 856 35,
1472 810 1573 856 lper
1588 810 1684 847 hunc
1699 822 1864 850 amorem
1880 814 2083 856 intereunt.

222 884 309 932 VII,
339 883 373 931 5,
402 881 449 920 21
480 892 549 928 per
575 878 866 927 imprudentiam
894 876 1067 924 pastoris.
1095 876 1126 922 Ι,
1158 874 1189 922 1,
1221 873 1266 911 17
1296 886 1363 920 per
1390 875 1600 912 facultates.
1630 876 1704 913 Sed
1733 878 1940 916 locutiones
1973 893 2017 927 „p
2035 893 2084 919 er

222 950 327 988 hoc“
358 948 452 996 (Col,
482 948 512 995 Ι,
541 945 577 994 8,
610 945 682 993 15),
715 955 824 991 „per
851 942 991 980 haec“
1023 942 1069 988 (I,
1099 940 1133 987 9,
1162 939 1200 987 9)
1230 952 1252 977 a
1293 940 1484 978 Ciceronis
1519 944 1557 978 et
1592 942 1766 980 Caesaris
1809 947 2078 985 consuetudine

222 1018 437 1055 abhorrent.
473 1014 658 1052 Similiter
687 1022 795 1058 „per
823 1009 992 1047 omnia“
1021 1010 1169 1045 demum
1198 1007 1286 1044 inde
1315 1019 1337 1043 a
1364 1007 1473 1045 Livio
1502 1008 1640 1045 dictum
1670 1011 1729 1046 est
1756 1021 1821 1056 pro
1853 1011 1918 1058 „in
1947 1015 2085 1058 omni,

221 1083 343 1130 bus“,
375 1078 623 1129 „omnino“.
661 1076 871 1115 Columella
910 1075 966 1112 ita
1005 1073 1157 1119 scripsit
1184 1074 1250 1120 IV,
1292 1072 1327 1120 2,
1357 1072 1396 1121 3,
1440 1074 1505 1120 VI,
1534 1073 1595 1121 37,
1638 1074 1672 1112 5.
1719 1076 2083 1123 „Distributive

226 1160 299 1197 „pe
312 1148 352 1186 r“
383 1147 547 1195 positum
575 1147 634 1182 est
662 1143 731 1190 XI,
767 1144 797 1190 1,
826 1140 875 1178 22
905 1140 1091 1187 mancipia
1117 1150 1185 1186 per
1212 1138 1363 1176 nomina
1392 1139 1519 1177 citare.

412 1212 581 1260 „Post“
612 1212 746 1256 poetae
789 1211 828 1243 et
855 1207 1059 1251 scriptores
1105 1206 1327 1241 recentioris
1370 1206 1456 1241 aevi
1502 1216 1583 1241 cum
1625 1208 1905 1252 pronominibus
1954 1211 2081 1257 „hoc“

226 1279 387 1329 „haec“
419 1276 708 1325 coniungebant,
738 1285 820 1311 cum
840 1271 985 1319 priores
1015 1270 1203 1318 „postea“.
1236 1271 1436 1317 „posthac“
1455 1276 1647 1317 ponerent.
1678 1274 1812 1318 „Post
1839 1276 1946 1312 hoc“
1978 1278 2084 1315 Colu-

226 1347 342 1383 mella
369 1346 544 1381 adhibet:
573 1343 644 1389 XI,
674 1341 710 1387 3,
738 1339 808 1386 64,
837 1338 927 1383 XII,
957 1336 1018 1382 44,
1048 1335 1090 1383 6,
1120 1336 1209 1382 XII,
1238 1338 1299 1383 57,
1342 1338 1370 1372 l.
1402 1340 1535 1383 „post
1562 1337 1698 1374 haec⁴‘
1732 1337 1750 1375 1
1795 1340 1912 1390 praef,
1941 1340 1982 1391 3;
2012 1344 2083 1391 III,

226 1412 261 1460 4,
291 1411 335 1459 3;
364 1411 431 1458 IV,
459 1409 522 1456 21,
552 1408 620 1455 103
648 1408 715 1452 VI,
746 1407 780 1451 2,
810 1406 847 1450 7,
877 1404 968 1448 ΧΠ,
998 1401 1033 1447 2,
1065 1402 1096 1437 1.
1127 1402 1216 1447 XII,
1247 1401 1307 1447 38,
1338 1404 1381 1448 23
1410 1403 1501 1448 XII,
1530 1402 1590 1449 48,
1620 1403 1664 1448 33
1694 1405 1800 1441 VIII.
1830 1405 1864 1452 5,
1898 1409 1952 1444 17.

388 1486 632 1532 Summopere
647 1482 686 1520 in
701 1481 848 1519 deliciis
869 1477 985 1518 habet
1000 1476 1209 1514 Columella
1223 1476 1432 1516 locutiones
1452 1481 1667 1526 „propter
1685 1481 1787 1519 hoc“
1811 1486 1850 1521 et
1867 1489 2088 1532 „propter

224 1549 367 1596 quod«
402 1546 595 1596 „(quae)“
625 1557 692 1593 pro
725 1544 1046 1592 „propterea“,
1092 1544 1290 1591 „quare“,
1333 1556 1425 1590 quas
1467 1546 1515 1581 ad
1542 1556 1648 1582 usum
1677 1547 1907 1596 singulorum
1941 1554 2086 1590 tantum

225 1615 449 1664 scriptorum
490 1613 681 1661 pertinere
718 1612 890 1650 Handius
930 1610 1103 1648 affirmat.
1127 1610 1150 1659 ¹)
1205 1610 1350 1647 Paucos
1379 1613 1537 1648 *tantum
1582 1613 1696 1650 affero
1735 1616 1855 1664 locos,
1897 1622 2088 1664 propter

223 1683 308 1719 hoc
341 1680 386 1717 12
414 1680 532 1727 praef.
555 1680 594 1728 1,
629 1679 740 1726 XIII,
769 1677 804 1725 8,
835 1676 895 1714 13.
924 1679 1122 1723 propter
1155 1677 1276 1722 quod
1306 1676 1335 1724 I,
1365 1677 1399 1725 6,
1433 1678 1495 1726 18,
1539 1678 1604 1726 IV,
1634 1676 1693 1727 29,
1726 1678 1786 1728 10;
1817 1682 1924 1732 VIII,
1956 1684 2014 1732 14,
2044 1684 2086 1733 33

224 1748 316 1796 XII,
347 1748 381 1796 4,
411 1747 454 1796 3,
484 1745 594 1793 XIII,
625 1745 659 1792 1,
689 1743 724 1782 3.
753 1746 953 1791 propter
980 1744 1106 1779 haec
1135 1743 1222 1789 VII,
1252 1742 1286 1788 0,
1325 1743 1359 1779 8.
1387 1747 1589 1788 propter
1616 1757 1733 1790 quae
1762 1750 1792 1795 Ι,
1823 1749 1857 1794 51
1886 1750 2086 1797 73V1727

229 1813 288 1862 10,
322 1814 431 1861 VIII,
461 1811 521 1860 10,
551 1810 585 1848 6.

415 1877 616 1926 „Supra“
647 1878 904 1915 translata
932 1879 1129 1915 notione
1168 1879 1329 1925 positum
1358 1882 1417 1915 est
1444 1880 1473 1926 I,
1503 1879 1538 1926 3,
1570 1879 1616 1916 10
1663 1891 1776 1927 supra
1822 1881 2086 1928 triumphalem

225 1946 414 1984 fortunam
441 1945 591 1992 putavit
626 1955 723 1981 esse.
762 1944 792 1990 I,
819 1945 854 1990 3,
888 1944 930 1981 11
970 1955 1084 1990 supra
1112 1944 1381 1991 quinquaginta
1401 1945 1531 1992 iugera
1559 1968 1608 1971 —
1637 1957 1750 1992 supra
1778 1946 1890 1983 vires.
1921 1947 1966 1985 cf.
1996 1948 2084 1995 VII,

227 2011 260 2059 1,
289 2010 323 2049 2.
356 2012 422 2048 De
450 2014 664 2058 tempore
695 2021 803 2056 „sup
818 2009 892 2047 ra“
925 2021 948 2047 a
977 2010 1186 2048 Columella
1212 2014 1253 2048 ut
1280 2021 1394 2057 saepe
1423 2024 1445 2050 a
1476 2011 1581 2051 Livio
1610 2016 1831 2060 usurpatur:
1862 2013 1952 2061 XII,
1975 2014 2035 2061 51,
2065 2014 2087 2051 3

225 2089 338 2124 supra
366 2079 459 2115 duos
488 2089 638 2115 menses
672 2092 785 2127 sapor
812 2092 887 2117 non
916 2084 1114 2127 permanet
1141 2081 1300 2128 integer.

416 2145 602 2192 „Ultra“
634 2157 780 2193 quoque
809 2148 864 2185 de
892 2150 1103 2194 tempore
1130 2148 1348 2185 adhibetur:
1388 2148 1474 2194 VII,
1505 2147 1539 2193 6,
1569 2146 1592 2184 8
1621 2158 1690 2183 nec
1725 2147 1825 2183 ultra
1853 2150 1936 2183 octo
1966 2159 2083 2184 annos

226 2213 367 2248 matres
397 2213 612 2250 servandae
641 2215 739 2250 sunt.
769 2213 861 2259 (Cfr.
889 2213 974 2251 Sen.
1004 2225 1059 2259 ep.
1090 2212 1174 2260 102,
1203 2214 1248 2259 4,
1278 2214 1425 2260 Quinct.
1455 2214 1524 2258 IX,
1554 2212 1589 2259 2,
1619 2212 1694 2258 88).

1102 2312 1121 2359 ξ
1150 2311 1210 2349 39.

566 2396 722 2441 Praep
736 2396 995 2443 ositiones,
1031 2406 1152 2442 quae
1188 2395 1456 2433 ablativum
1485 2394 1743 2443 requirunt.

414 2460 650 2508 Praepositio
668 2474 714 2509 „a
725 2462 774 2499 b“
790 2462 1019 2509 significans,
1036 2466 1211 2508 respectu
1226 2463 1330 2499 cuius
1347 2463 1402 2499 rei
1417 2463 1559 2507 aliquid
1575 2463 1731 2507 dicatur,
1749 2472 1834 2497 raro
1852 2461 2082 2509 invenitur.‘-')

223 2527 338 2572 :Apud
365 2525 611 2563 Columellam
631 2527 699 2564 hos
723 2527 852 2565 inveni
875 2527 1000 2565 locos:
1029 2527 1095 2574 VI,
1122 2529 1152 2575 l,
1173 2525 1196 2564 2
1216 2527 1460 2575 Appenninus
1481 2526 1596 2564 boves
1621 2530 1849 2573 progenerat
1865 2527 2084 2565 durissimos

227 2603 298 2629 nec
320 2593 368 2629 ab
392 2595 547 2637 aspectu
573 2594 742 2629 decoras.
769 2594 833 2639 VI,
850 2592 912 2639 36,
936 2594 960 2628 3
986 2593 1137 2638 quidam
1159 2593 1374 2629 admissarii
1397 2594 1600 2638 contempti
1625 2592 1671 2628 ab
1696 2595 1859 2637 aspectu.
1889 2592 1955 2640 VI,
1978 2591 2039 2640 29,
2064 2592 2086 2629 3

405 2712 424 2745 ¹)
455 2712 515 2742 Cir.
540 2712 639 2739 Hand.
664 2712 752 2739 Turs.
779 2713 815 2739 {v
843 2720 891 2748 pg.
917 2715 982 2739 613.

403 2759 431 2797 2)
454 2759 515 2786 Cir.
544 2759 679 2794 Draeger
703 2760 736 2787 ΙΙ.
761 2761 789 2786 S.
819 2761 826 2787 1
855 2768 893 2796 pg
928 2762 994 2787 622.
