2290 3102
1040 260 1293 300 -62-

423 370 621 419 Exemplis
661 371 746 410 istis
774 384 798 409 a
826 371 1043 410 Woelfflino
1084 372 1214 410 allatis
1248 372 1293 410 G.
1332 373 1584 412 Helmrichius
1604 373 1629 419 ¹)
1657 373 1751 410 haec
1791 371 1981 410 adiunxit:
2027 382 2097 409 nec

240 437 339 474 coeli
365 447 437 475 nec
464 437 587 485 campi
613 438 663 485 X,
692 436 753 475 50.
783 439 948 485 capitum
977 441 1017 476 et
1052 438 1272 486 capillorum
1311 438 1331 476 1
1361 439 1478 487 praef.
1507 438 1542 476 5.
1590 439 1690 477 colla
1716 438 1959 484 cervicesque
1989 437 2098 484 VIII,

238 501 274 551 2,
303 501 339 541 9.
368 503 472 542 cultu
501 514 663 551 curaque
691 504 740 552 X,
774 503 855 543 141.
902 505 1060 543 edendis
1089 505 1370 552 educandisque
1397 505 1449 553 II,
1483 507 1513 553 1,
1543 505 1579 543 5.
1619 505 1720 543 fumo
1749 508 1788 542 et
1813 504 1973 552 fuligine
2001 505 2031 551 I,
2061 502 2097 551 6,

242 567 298 607 18.
326 568 436 607 fortis
464 569 639 608 fortunae
666 570 716 618 X,
745 569 831 608 316.
858 571 958 609 latos
988 574 1026 609 et
1052 572 1263 609 lacertosos
1291 571 1321 619 I,
1351 570 1386 620 9,
1413 571 1449 608 4.
1487 571 1627 610 leviter
1667 574 1705 609 et
1732 571 1820 609 laxe
1848 570 1939 618 XII,
1967 568 2029 617 47,
2059 570 2096 606 2.

236 635 325 674 hinc
352 635 485 683 maria,
513 636 601 675 hinc
628 639 776 675 montes
806 638 855 685 X,
884 636 973 676 209.
1021 640 1152 676 modus
1195 649 1447 685 mensuraque
1488 638 1519 686 Ι,
1549 638 1584 686 3,
1622 640 1664 676 8..
1703 648 1847 685 paucae
1884 638 2100 684 parvaeque

236 702 325 750 VII,
354 701 390 750 5,
420 701 454 740 1.
499 703 665 750 plumam
709 703 919 751 pinnasque
961 703 1070 752 VIII,
1108 703 1144 752 4,
1182 703 1215 742 4.
1261 704 1433 752 populari
1459 715 1504 742 ac
1530 704 1682 752 plebeia
1710 715 1888 742 mensura
1914 703 1945 751 I,
1974 701 2009 750 3,
2043 701 2098 739 10.

237 768 414 818 refugere
443 771 483 808 et
509 769 758 808 reformidare
785 770 858 817 ΙΙΙ,
887 770 922 819 3,
957 772 987 809 l.
1015 782 1145 809 socors
1173 774 1213 810 et
1239 771 1513 810 somniculosus
1542 772 1572 820 Ι,
1602 773 1637 819 8,
1665 769 1700 809 2.

425 849 628 888 Invenitur
663 853 789 889 autem
818 852 1043 889 allitteratio
1081 854 1179 900 apud
1208 852 1455 890 Columellam
1496 851 1692 899 permultis
1721 851 1807 888 aliis
1844 850 1938 887 locis
1978 861 2010 886 e.
2039 860 2096 895 g.:

237 916 285 954 ab
315 915 561 963 accipitribus
591 920 630 956 et
657 918 795 965 aquilis
824 918 933 966 VIII,
963 916 998 965 2,
1029 920 1061 956 7.
1104 919 1231 965 aquila
1258 919 1320 956 vel
1349 919 1531 966 accipiter
1558 918 1668 964 VIII,
1697 917 1732 964 4,
1761 915 1806 964 63
1835 917 1944 962 VIII,
1977 914 2035 961 15,
2068 914 2098 951 1.

238 984 347 1020 aceto
384 984 424 1020 et
450 983 616 1021 alumine
644 984 711 1032 VI,
740 985 802 1032 31,
833 985 867 1021 2.
921 983 1073 1022 Africus
1102 984 1165 1022 vel
1195 984 1336 1022 Auster
1371 984 1442 1031 XI,
1472 985 1506 1032 2,
1535 984 1596 1022 36.
1652 981 1785 1020 Austri
1813 984 1852 1019 et
1878 980 2000 1019 Africi
2027 979 2098 1028 XI,

236 1047 273 1096 2,
302 1047 363 1086 34.
399 1060 576 1096 agrorum
604 1051 854 1097 arborumque
886 1050 994 1097 VIII,
1023 1049 1058 1097 9,
1087 1050 1122 1088 4.
1162 1050 1286 1097 potius
1317 1050 1353 1087 in
1383 1061 1474 1087 area
1501 1053 1540 1087 et
1567 1050 1605 1087 in
1633 1059 1770 1086 acervo
1799 1059 1910 1094 quam
1939 1047 1977 1083 in
2006 1058 2096 1093 agro

235 1114 287 1162 II,
316 1112 378 1163 20,
408 1115 468 1152 21.
514 1115 722 1154 caementis
760 1119 799 1155 et
826 1117 931 1155 calce
965 1116 1035 1164 IX,
1070 1118 1100 1164 l,
1129 1115 1163 1154 2.
1210 1117 1314 1154 calce
1344 1119 1410 1154 aut
1437 1127 1551 1154 cornu
1588 1116 1655 1163 VI,
1684 1112 1719 1162 2,
1749 1115 1783 1151 8.
1831 1113 2031 1162 caliginem
2062 1115 2100 1150 ct

235 1181 504 1219 carbunculum
533 1182 605 1230 ΠΙ,
635 1182 670 1230 2,
697 1182 730 1220 4.
759 1194 891 1230 campo
920 1183 1041 1230 magis
1071 1194 1182 1229 quam
1209 1183 1307 1220 colle
1333 1183 1384 1230 II,
1407 1183 1441 1230 2,
1464 1181 1498 1220 3.
1529 1183 1567 1220 in
1596 1181 1738 1229 campis
1766 1182 1829 1219 vel
1857 1180 2017 1218 collibus
2046 1179 2097 1227 II,

236 1248 272 1294 9,
302 1247 335 1283 2.
364 1249 520 1284 cantare
549 1249 615 1284 aut
642 1248 759 1285 etiam
787 1249 936 1286 calcare
966 1249 1074 1297 VIII,
1105 1251 1140 1297 5,
1162 1247 1223 1286 24.
1253 1249 1411 1296 capillos
1440 1252 1506 1287 aut
1536 1249 1691 1288 cervina
1720 1258 1861 1286 cornua
1887 1245 1976 1294 VII,
2004 1245 2041 1293 4,
2060 1246 2096 1283 6.

236 1313 275 1350 in
302 1313 427 1360 capite
455 1317 521 1352 aut
548 1315 587 1352 in
615 1326 725 1352 crure
752 1314 824 1361 III,
848 1313 907 1361 10,
927 1314 959 1351 2.
990 1319 1102 1362 caput
1129 1318 1169 1351 et
1188 1316 1360 1352 columen
1387 1315 1460 1362 III,
1479 1315 1514 1362 4,
1535 1317 1569 1352 3.
1600 1316 1721 1352 cauda
1748 1314 1954 1358 clauesque
1985 1311 2093 1358 VIII,

237 1379 271 1427 7,
301 1379 335 1417 2.
384 1380 531 1418 caulem
560 1382 626 1418 aut
662 1392 808 1429 cymam
844 1380 936 1429 XII,
966 1379 1027 1429 56,
1057 1380 1092 1419 3.
1140 1384 1177 1419 et
1204 1393 1227 1418 a
1254 1381 1337 1419 cibo
1366 1384 1405 1419 et
1431 1394 1454 1419 a
1482 1382 1582 1419 coitu
1617 1381 1726 1427 VIII,
1759 1382 1816 1427 11,
1846 1377 1880 1417 6.
1929 1378 2094 1415 cinerem

234 1455 468 1492 caenumque
496 1446 710 1484 cloacarum
747 1449 787 1484 et
814 1447 956 1484 culmos
986 1450 1187 1493 ceteraque
1221 1447 1272 1494 ΙΙ,
1304 1446 1363 1494 14,
1393 1446 1427 1485 6.
1484 1448 1565 1484 coci
1599 1449 1638 1484 et
1671 1445 1805 1483 cetarii
1845 1443 1937 1491 XII,
1966 1441 2028 1490 46,
2063 1444 2094 1479 1.

235 1511 274 1549 in
302 1511 484 1559 cogendis
513 1512 818 1559 recipiendisque
846 1513 980 1551 ovibus
1011 1513 1096 1561 VII,
1127 1515 1162 1561 3,
1191 1511 1252 1551 26.
1296 1514 1495 1551 coliculum
1524 1516 1563 1550 et
1590 1523 1736 1560 cymam
1765 1511 1834 1559 XI,
1863 1511 1899 1558 3,
1928 1508 1987 1547 24.
2023 1509 2098 1546 col-

233 1578 309 1617 lem
338 1580 378 1617 et
404 1579 545 1618 clivum
581 1579 693 1628 XIII,
725 1578 757 1627 1,
787 1578 822 1618 6.
868 1580 1080 1618 communia
1113 1583 1152 1618 et
1179 1583 1285 1618 certa
1311 1583 1516 1628 praecepta
1557 1581 1624 1628 VI,
1658 1581 1689 1627 1,
1720 1577 1756 1616 2.
1804 1576 1952 1616 concuti
1979 1578 2093 1623 atque

235 1645 419 1684 concitari
446 1647 513 1694 VI,
543 1647 604 1695 37,
634 1646 668 1684 2.
702 1647 865 1684 condere
895 1649 934 1684 et
961 1648 1110 1685 calcare
1139 1648 1229 1695 XII,
1261 1647 1320 1695 15,
1350 1646 1385 1685 2.
1426 1647 1551 1685 cornis
1580 1649 1646 1685 aut
1673 1645 1885 1684 cornicibus
1913 1643 2005 1691 XII,
2034 1641 2097 1685 46,

235 1712 271 1754 2.
326 1724 462 1751 cornus
505 1716 544 1751 et
578 1714 754 1760 caprinus
784 1714 829 1762 V,
860 1713 894 1761 7,
929 1717 959 1752 1.
1016 1714 1183 1752 cribrare
1213 1718 1253 1751 et
1282 1725 1482 1752 secernere
1511 1714 1602 1761 XII,
1632 1714 1693 1760 50,
1724 1712 1757 1750 1.
1803 1714 1869 1749 aut
1896 1721 2004 1748 crure
2033 1711 2099 1746 aut

236 1780 413 1817 cornibus
441 1779 487 1827 V,
517 1779 552 1827 5,
577 1780 632 1817 12.
660 1780 841 1818 incubare
870 1784 909 1818 et
936 1781 1140 1818 excludere
1170 1781 1277 1828 VIII,
1307 1780 1342 1828 2,
1363 1780 1398 1818 6.
1437 1791 1657 1818 cucumeres
1689 1781 1754 1816 aut
1782 1776 1999 1815 cucurbitae
2027 1775 2097 1823 XI,

236 1845 272 1894 3,
301 1844 361 1883 50.
415 1846 581 1884 cucumis
619 1849 658 1884 et
685 1847 881 1885 cucurbita
907 1847 979 1894 XI,
1007 1849 1043 1894 3,
1072 1846 1132 1884 48.
1189 1847 1315 1884 culina
1347 1850 1386 1884 et
1413 1847 1555 1893 caprile
1591 1847 1655 1893 (al.
1685 1845 1851 1891 cascale)
1892 1844 1944 1890 II,
1978 1843 2034 1888 14,
2065 1843 2098 1878 7.

237 1911 360 1948 culmo
388 1912 451 1949 vel
479 1911 603 1948 carice
631 1912 723 1961 XII,
754 1912 814 1961 15,
846 1912 878 1949 1.
916 1913 1057 1950 cultum
1086 1924 1287 1959 curamque
1317 1912 1404 1960 VII,
1433 1913 1468 1959 5,
1502 1911 1531 1949 1.
1569 1914 1607 1949 et
1635 1922 1762 1948 curam
1791 1912 1829 1948 et
1856 1908 1979 1947 cibum
2008 1907 2096 1954 VII,

236 1978 273 2023 4,
295 1976 329 2014 1.
359 1977 484 2014 curari
511 1980 577 2014 aut
604 1979 822 2015 concinnari
850 1980 941 2025 XII,
964 1981 998 2025 2,
1019 1978 1053 2015 6.
1082 1982 1241 2016 curvata
1269 1982 1308 2015 et
1334 1979 1586 2024 praecipitata
1615 1978 1681 2023 IV,
1702 1975 1763 2022 24,
1788 1977 1845 2012 19.
1875 1976 2096 2020 deputatum

238 2045 278 2081 et
305 2042 518 2091 depositum
554 2042 627 2092 III,
657 2042 718 2092 10,
752 2045 808 2082 19.
865 2045 1056 2083 docendus
1086 2048 1125 2082 et
1153 2045 1368 2082 edurandus
1406 2044 1475 2092 XI,
1509 2046 1540 2092 1,
1569 2042 1602 2082 7.
1658 2044 1816 2080 docetur
1847 2043 1913 2079 aut
1940 2039 2099 2078 discitur

237 2110 308 2157 XI,
342 2111 374 2157 1,
391 2109 425 2146 4.
454 2109 714 2147 doctissimum
743 2113 782 2147 et
809 2111 1142 2158 diligentissimum
1171 2111 1222 2157 ΙΙ,
1249 2112 1305 2158 15,
1325 2110 1359 2146 4.
1387 2121 1509 2157 neque
1538 2112 1713 2148 doctores
1741 2118 1863 2155 neque
1891 2105 2097 2153 discipulos

241 2178 256 2213 1
288 2175 408 2223 praef.
438 2175 472 2213 5.
527 2177 663 2214 educet
690 2177 946 2223 producatque
974 2178 1019 2224 V,
1049 2177 1084 2224 5,
1114 2176 1148 2214 7.
1203 2177 1429 2214 durissimae
1457 2179 1673 2223 densaeque
1703 2175 1842 2222 (setae)
1877 2174 1964 2219 VII,
1994 2171 2029 2219 9,
2060 2172 2095 2208 2.

237 2241 489 2291 defatigatum
517 2244 557 2280 et
584 2242 737 2280 effetum
766 2240 917 2293 (solum)
945 2243 975 2291 I,
1007 2242 1040 2292 1,
1074 2243 1103 2281 1.
1145 2243 1371 2281 effervescat
1399 2248 1437 2281 et
1463 2242 1556 2282 fluat
1583 2243 1674 2288 XII,
1703 2239 1764 2290 28,
1793 2239 1828 2278 2.
1869 2239 2096 2278 fermentum

236 2310 301 2347 vel
328 2309 454 2346 farina
482 2310 547 2356 VI,
582 2311 640 2356 12,
662 2310 697 2347 4.
733 2310 883 2347 fertiles
912 2313 951 2346 et
977 2311 1106 2347 firmae
1135 2311 1208 2356 III,
1240 2310 1298 2356 10,
1319 2310 1352 2346 3.
1389 2311 1549 2347 ferulam
1578 2313 1617 2347 et
1643 2309 1848 2346 feniculum
1876 2306 1966 2352 XII,
1996 2305 2031 2352 7,
2059 2305 2096 2341 4.

236 2374 375 2422 figulus
403 2377 470 2412 aut
487 2374 599 2412 faber
625 2374 697 2422 XI,
720 2373 754 2423 1,
776 2373 811 2412 9.
840 2374 1027 2422 figurandi
1057 2375 1196 2423 (ceras)
1224 2375 1463 2423 fingendique
1491 2374 1562 2423 IX,
1584 2373 1644 2423 15,
1665 2375 1699 2412 7.
1728 2372 1913 2411 firmiores
1941 2371 2097 2409 arbores

237 2444 351 2487 atque
379 2441 585 2478 feraciores
614 2441 660 2489 V,
691 2440 751 2489 10,
785 2443 841 2479 10.
877 2441 1064 2479 firmiores
1094 2445 1132 2478 et
1159 2441 1363 2479 feraciores
1391 2442 1503 2489 XIII,
1532 2440 1594 2489 21,
1623 2440 1658 2478 2.
1695 2439 1944 2484 fortissimum
1972 2448 2097 2484 quem-

238 2518 310 2553 que
339 2509 378 2544 et
405 2506 705 2554 frugalissimum
732 2507 803 2554 XI,
838 2509 868 2554 1,
900 2506 961 2544 19.
1002 2507 1175 2544 frondem
1203 2510 1242 2544 et
1268 2504 1361 2545 folia
1386 2508 1550 2544 ficulnea
1576 2507 1646 2553 XI,
1676 2507 1711 2553 2,
1744 2506 1827 2542 101.
1868 2504 2031 2541 fructum
2059 2504 2100 2539 et

237 2572 377 2610 fartum
404 2572 451 2620 V,
481 2570 541 2621 10,
571 2570 629 2610 11.
658 2583 729 2610 nec
755 2572 919 2611 fructum
947 2583 1018 2611 nec
1045 2572 1216 2621 (laetam)
1245 2573 1416 2612 frondem
1444 2573 1490 2621 V,
1519 2571 1554 2621 9,
1576 2571 1636 2610 15.
1666 2571 1809 2610 fructus
1838 2569 2095 2616 familiamque

415 2706 440 2746 ¹)
464 2707 524 2737 Cfr.
551 2708 668 2737 Blatter
692 2707 741 2738 1111·
764 2708 951 2745 bayrisches
976 2706 1267 2746 Gymnasialwesen
1293 2708 1377 2735 ⁴882.
1402 2714 1451 2743 pg.
1477 2708 1543 2734 493.
