2290 3102
1056 245 1311 287 -52-

442 356 508 407 20)
545 358 886 407 Superlativus
913 360 1087 406 gradus
1122 361 1165 397 et
1192 356 1451 405 positivus,
1486 368 1597 404 quam
1625 358 1871 397 variationem
1902 357 2113 396 Columella

256 425 369 462 valde
396 427 518 462 amat:
541 424 567 471 ¹)
593 425 624 472 Ι,
653 424 688 471 3,
718 425 742 460 2
769 425 941 470 quamvis
969 424 1204 461 feracissimo
1232 423 1435 472 pinguique
1462 436 1565 472 agre.
1604 427 1619 462 1
1644 424 1760 472 praef.
1802 423 1851 460 24
1878 423 2005 461 varias
2034 424 2109 462 dis-

255 489 545 545 simillimasque
572 494 759 529 terrarum
788 490 935 537 species
964 502 1200 537 pernoscere.
1235 490 1254 528 1
1285 490 1403 537 praef.
1432 490 1481 528 33
1509 502 1580 528 nec
1607 491 1856 529 subtilissima
1883 502 1952 528 nec
1980 502 2110 528 rursus

254 556 386 604 pingui
412 556 588 595 Minerva
621 567 683 594 res
719 555 998 594 administrare.
1053 556 1084 603 I,
1113 554 1148 603 9,
1182 557 1197 593 l
1242 555 1445 604 magistros
1473 567 1705 604 praeponere
1734 556 1886 594 sedulos
1922 558 1961 593 et
1988 555 2112 604 fruga-

253 622 434 660 lissimos.
471 623 524 670 II,
553 622 588 669 9,
609 622 633 660 4
660 622 908 669 pinguissimo
936 634 1027 669 agro
1056 625 1122 659 aut
1148 633 1285 659 macr0.
1323 622 1374 669 H,
1404 621 1464 668 15,
1493 621 1516 658 4
1544 633 1619 659 non
1647 623 1767 659 solum
1795 624 1946 669 segetes
1974 622 2108 668 laetas,

254 698 385 726 verum
413 688 530 726 etiam
556 687 829 736 pulcherrimas
857 688 1001 726 vineas.
1036 687 1108 735 ΙΙΙ,
1129 687 1162 735 1,
1183 689 1207 725 ὃ
1236 688 1357 725 solum
1384 698 1454 725 nec
1482 687 1581 725 exile
1610 699 1680 726 nec
1705 688 1966 725 laetissimum.
2002 688 2048 734 V,
2078 689 2113 734 5,

256 752 304 789 12
331 753 450 801 riguis
479 756 545 791 aut
571 753 830 801 pinguissimis
858 753 963 790 locis.
1018 754 1105 801 VII,
1135 752 1170 801 9,
1200 754 1223 790 2
1260 764 1370 800 quam
1407 753 1632 791 durissimae
1661 755 1876 800 densaeque
1913 756 1951 791 et
1977 753 2110 801 nigrae

255 821 362 856 setae
389 830 495 866 grex.
549 820 619 867 XI,
648 820 684 867 3,
712 818 760 856 51
805 820 970 857 cucumis
1007 822 1117 857 tener
1157 824 1196 856 et
1236 819 1506 866 pinguissimus
1539 819 1592 856 fit.
1648 820 1759 866 XIII,
1790 819 1849 866 16,
1879 819 1901 856 4
1943 822 2048 856 certa
2075 822 2114 856 et

253 884 522 924 robustissima
546 884 711 934 flagella.

439 951 506 998 21)
533 952 620 989 Alio
639 953 847 989 variandae
875 954 1058 990 orationis
1077 964 1217 1000 genere
1247 952 1364 989 utitur
1382 952 1602 999 Columella,
1631 963 1713 989 cum
1741 954 1827 998 post
1845 963 1965 997 parva
1983 952 2107 997 spatia

212 1052 219 1057 .
256 1017 461 1055 eorundem
489 1017 740 1056 verborum
768 1018 1144 1057 collocationem
1172 1019 1432 1066 permutat:
1464 1017 1513 1065 ΙΙ,
1537 1018 1570 1065 2,
1592 1016 1614 1055 5
1642 1017 1772 1055 labore
1800 1013 1912 1063 at'que
1940 1016 2112 1063 impensa

254 1106 300 1110 —
330 1084 540 1130 impensam
580 1084 836 1129 laboremque.
893 1085 959 1131 VI,
988 1083 1023 1131 6,
1053 1084 1075 1120 4
1120 1094 1241 1129 aquae
1279 1083 1426 1119 calidae
1456 1104 1502 1108 —
1537 1083 1684 1119 calidae
1717 1093 1845 1128 aquae.
1900 1082 1966 1129 VI,
1997 1081 2056 1129 12,
2086 1081 2109 1118 2

254 1148 337 1188 sale
365 1150 479 1196 atque
506 1150 615 1188 aceto
637 1172 684 1177 —
715 1152 823 1188 aceto
852 1152 892 1188 et
918 1151 1010 1189 sale.
1046 1150 1155 1197 VIII,
1176 1148 1212 1197 3,
1232 1149 1255 1188 9
1283 1161 1404 1196 aquae
1432 1151 1493 1188 vel
1522 1150 1688 1187 ciborum
1705 1172 1750 1176 -—
1771 1149 1874 1186 cibos
1903 1151 1942 1186 et
1968 1161 2112 1194 aquam.

253 1215 362 1261 VIII,
390 1214 446 1261 14,
467 1215 492 1250 6
520 1217 782 1261 supponuntur
808 1215 964 1263 gallinis
993 1226 1066 1253 ova
1092 1215 1254 1262 plurima
1281 1214 1454 1262 quinque,
1483 1214 1711 1262 paucissima
1737 1216 1816 1252 tres
1839 1235 1885 1239 ——
1913 1213 2111 1252 anseribus

252 1281 482 1328 paucissima
512 1283 670 1329 septem,
699 1281 1116 1329 plurima.quindecim.
1170 1282 1240 1328 XI,
1270 1280 1305 1328 2,
1335 1280 1383 1318 43
1413 1282 1556 1319 Auster
1583 1284 1648 1319 aut
1675 1281 1889 1319 Euronotus
1918 1304 1964 1308 —
1995 1282 2112 1318 Euro-

250 1349 362 1385 notus
390 1347 453 1385 vel
481 1348 635 1385 Auster.
678 1347 768 1395 XII,
799 1348 833 1396 2,
863 1347 886 1385 4
914 1347 1113 1395 dispositio
1141 1350 1254 1394 atque
1283 1348 1374 1385 ordo
1402 1368 1448 1372 -—
1477 1347 1568 1395 XII,
1598 1348 1632 1394 2,
1661 1346 1684 1384 5
1713 1348 1803 1385 ordo
1831 1358 1875 1384 ac
1902 1346 2111 1394 dispositio.

250 1414 342 1461 XII,
375 1414 433 1461 10,
463 1415 486 1450 2
528 1413 590 1451 fin.
628 1425 749 1460 pruna
776 1414 963 1461 onychina
997 1418 1035 1451 et
1069 1425 1189 1460 pruna
1225 1414 1422 1451 silvestria
1451 1437 1496 1440 —
1528 1414 1619 1461 XII,
1654 1414 1711 1460 10,
1740 1412 1763 1450 3
1791 1412 1872 1450 init.
1901 1423 2021 1459 pruna
2048 1412 2111 1449 sil-

250 1479 397 1518 vestria
423 1482 463 1518 et
488 1491 610 1528 pruna
636 1480 834 1529 onychina.
882 1480 973 1529 XII,
994 1481 1055 1529 52,
1087 1479 1110 1519 6
1140 1481 1284 1519 canalis
1313 1484 1352 1519 et
1380 1481 1486 1519 solea
1524 1504 1556 1508 -
1592 1481 1698 1518 solea
1725 1482 1763 1517 et
1791 1479 1944 1516 canalis.
1998 1478 2110 1526 XIII,

250 1548 286 1594 8,
314 1546 339 1583 4
379 1548 488 1584 aceto
517 1546 597 1584 acri
625 1568 671 1573 —
702 1547 814 1594 XIII,
848 1545 884 1594 8,
913 1546 936 1584 5
974 1547 1053 1584 acri
1080 1550 1198 1585 aceto.

381 1641 383 1643 -
438 1611 504 1661 22)
545 1613 796 1662 Adiungimus
838 1613 1154 1651 variationem
1196 1614 1550 1661 particularum
1591 1613 1984 1660 copulativarum.
2039 1611 2112 1649 Hic

252 1689 398 1725 quoque
425 1678 514 1717 inde
550 1691 575 1717 a
600 1680 712 1718 Livio
741 1680 916 1718 variandi
944 1680 1108 1717 studium
1137 1681 1361 1727 praevalere
1399 1680 1533 1726 coepit,
1551 1679 1579 1725 2)
1624 1690 1706 1716 cum
1741 1682 1893 1716 veteres
1936 1680 2110 1715 auctores

251 1744 477 1791 aequalitati
504 1745 626 1794 magis
654 1745 900 1783 studuissent.
955 1746 1165 1783 Columella
1205 1746 1378 1793 quamvis
1413 1746 1513 1783 haud
1548 1745 1677 1793 paucis
1713 1744 1806 1782 locis
1841 1743 2111 1791 aequalitatem

252 1811 468 1849 servaverit
500 1833 546 1837 -—
575 1812 631 1849 ita
665 1812 749 1859 „et¹‘
778 1813 931 1859 ponitur
962 1813 1038 1849 bis:
1067 1813 1138 1859 IX,
1169 1812 1228 1860 14,
1258 1811 1328 1861 203
1357 1813 1427 1859 XI,
1457 1813 1491 1858 2,
1521 1813 1589 1859 663
1617 1811 1686 1858 XI,
1715 1810 1750 1858 3,
1779 1810 1848 1858 39,
1876 1812 1946 1858 ΧΙ,
1975 1812 2011 1857 3,
2041 1809 2109 1857 62;

252 1876 342 1926 XII,
372 1877 407 1926 3,
436 1878 481 1926 9;
509 1877 582 1926 III,
613 1876 672 1927 11,
701 1876 743 1928 63
773 1878 819 1927 V,
850 1877 909 1928 10,
940 1878 1005 1928 14;
1034 1878 1065 1927 I,
1095 1877 1130 1927 3,
1159 1879 1199 1928 33
1227 1879 1280 1927 II,
1310 1879 1344 1927 7,
1372 1879 1413 1927 2;
1442 1879 1513 1927 ΙΙΙ,
1539 1880 1595 1926 11,
1624 1879 1665 1926 53
1693 1877 1744 1926 ΙΙ,
1775 1877 1808 1926 1,
1830 1879 1869 1926 7,
1896 1878 1963 1925 VI,
1992 1876 2051 1924 14,
2076 1879 2112 1924 1;

250 1946 326 1980 ter:
355 1943 386 1990 I,
417 1943 451 1990 1,
481 1943 522 1991 1;
552 1944 619 1990 VI,
650 1944 684 1991 1,
715 1944 753 1992 13
785 1946 851 1991 VI,
889 1946 944 1992 14,
974 1945 1015 1992 53
1045 1945 1135 1991 XII,
1165 1944 1226 1991 30,
1258 1945 1298 1991 2,
1326 1944 1416 1991 XII,
1446 1943 1506 1991 44,
1535 1943 1577 1992 53
1607 1946 1755 1990 quater:
1791 1944 1837 1990 V,
1870 1945 1901 1990 1,
1932 1942 1976 1991 43
2006 1942 2110 1989 quin-

251 2008 376 2055 quies:
397 2008 489 2057 XII,
511 2007 546 2057 7,
569 2007 611 2058 2;
640 2010 731 2059 XII,
748 2009 783 2058 3,
804 2012 847 2059 5;
878 2011 1026 2050 novies:
1056 2011 1147 2058 XII,
1168 2009 1203 2057 7,
1235 2009 1253 2047 1
1276 2032 1322 2037 —
1344 2012 1470 2047 tamen
1498 2010 1614 2048 multo
1641 2010 1762 2057 magis
1786 2010 1960 2048 variandi
1987 2009 2111 2046 studio

251 2074 421 2112 indulsit.
477 2075 640 2113 Variant
666 2075 767 2114 enim

438 2141 476 2187 a)
503 2142 542 2179 in
571 2142 850 2180 sententiarum
878 2144 1055 2181 membris
1084 2143 1185 2180 inter
1212 2154 1254 2180 se
1282 2142 1615 2189 respondentibus:
1660 2154 1713 2179 ac
1751 2164 1788 2168 —
1819 2145 1885 2179 et:
1932 2141 1951 2178 1
1991 2140 2109 2188 praef.

251 2205 299 2244 15
327 2206 367 2244 in
394 2206 506 2245 circis
534 2208 659 2256 potius
688 2220 733 2247 ac
760 2209 921 2248 theatris
951 2221 1062 2257 quam
1090 2210 1129 2247 in
1157 2208 1350 2257 segetibus
1379 2210 1418 2246 et
1444 2207 1593 2246 vinetis.
1629 2208 1659 2256 I,
1691 2207 1724 2256 1,
1756 2206 1804 2246 18
1831 2219 1906 2246 non
1934 2207 2109 2245 assiduus

248 2273 358 2311 labor
384 2276 424 2312 et
451 2275 688 2322 experientia
715 2276 846 2324 villici,
875 2288 950 2315 non
977 2277 1182 2315 facultates
1211 2287 1256 2313 ac
1283 2275 1458 2314 voluntas
1486 2275 1738 2323 impendendi.

424 2402 444 2440 1)
469 2403 609 2433 Primum
629 2411 667 2433 ac
687 2407 809 2434 certum
832 2405 1014 2443 exemplum
1035 2405 1133 2434 huius
1153 2405 1397 2439 coniunctionis,
1429 2406 1460 2434 in
1490 2413 1551 2442 qua
1573 2405 1790 2443 superlativus
1813 2404 1877 2434 sere
1901 2404 1985 2434 idem
2008 2405 2108 2442 signi-

250 2453 347 2482 ficare
368 2453 495 2482 videtur
517 2461 554 2482 uc
575 2455 743 2491 positivus,
767 2455 852 2491 apud
876 2455 1029 2484 Velleium
1069 2457 1106 2489 ἃ,
1133 2456 1168 2483 69
1190 2455 1254 2483 acri
1277 2457 1373 2492 atque
1396 2456 1613 2492 prosperrimo
1643 2454 1741 2492 bello)
1774 2458 1896 2484 exstare
1920 2455 2109 2484 Woesssinus

251 2502 328 2536 (Lat.
351 2505 382 2531 et
402 2510 482 2530 rom.
504 2503 649 2539 Compar.
681 2511 730 2540 pg.
754 2505 802 2539 61)
837 2504 1045 2533 demonstrat.
1092 2504 1153 2532 Sed
1178 2504 1311 2532 Kroilius
1342 2505 1492 2540 ostendit,
1530 2503 1641 2542 (Kroll,
1675 2505 1732 2533 das
1754 2504 1966 2533 afrikanische
1988 2504 2107 2534 Latein.

249 2555 361 2584 Rhein.
385 2555 467 2585 Mus.
489 2555 526 2586 N.
539 2556 569 2586 F.
595 2558 668 2586 4897
693 2565 724 2594 p.
737 2558 803 2593 586)
828 2558 888 2586 iam
910 2558 1096 2586 Ciceronem
1119 2557 1237 2586 dixisse
1260 2559 1298 2587 de
1320 2562 1382 2588 nat.
1407 2559 1495 2588 deor.
1520 2560 1540 2592 1,
1568 2560 1599 2586 2¹
1628 2558 1667 2586 de
1690 2566 1723 2586 re
1749 2557 1884 2587 obscura
1907 2560 2003 2595 atque
2026 2558 2110 2587 diffl-

249 2604 381 2639 ciilima;
406 2604 446 2633 de
469 2607 531 2633 uut.
556 2604 643 2633 deor.
669 2605 719 2640 ΙΙΙ,
743 2608 778 2633 27
801 2608 889 2634 recte
913 2609 943 2635 et
964 2607 1142 2635 verissime.
1187 2607 1372 2644 Scriptores,
1397 2608 1450 2644 qui
1473 2607 1664 2636 Columellae
1688 2609 1789 2635 aetate
1813 2606 1999 2642 notuerunt,
2026 2607 2109 2636 hunc

248 2661 343 2683 usum
364 2654 514 2682 videntur
535 2661 596 2682 nou
619 2654 799 2683 admisisse.

423 2701 446 2739 8)
470 2701 534 2734 Cir.
559 2701 696 2741 Draeger
718 2702 754 2732 fl.
778 2702 807 2731 S.
834 2702 857 2732 ΙΙ
881 2710 931 2742 pg.
955 2704 1003 2733 63.
