2290 3102
1025 307 1276 346 „20—

1092 419 1112 461 „⁸¹
1140 416 1199 454 33.

407 485 631 532 Adiectivis,
680 496 775 530 quac
819 488 906 522 sunt
935 483 1127 531 „altns“,
1170 484 1290 530 „latu
1306 485 1361 531 s“,
1419 486 1638 532 „longus‘·'
1682 487 1728 521 ad
1785 485 2076 531 significandam

221 561 432 587 mensuram
456 551 664 588 Columella
686 561 759 587 non
780 551 900 587 solnm
929 549 1268 597 accusativum,
1298 552 1365 587 sed
1394 550 1508 588 etiam
1536 551 1813 599 genetivum
1842 553 1880 588 et
1908 551 2076 589 ablati-

220 628 324 654 vum
354 616 562 664 subiungit:
590 614 663 665 111,
694 616 752 655 18.
783 617 806 654 8
835 617 1056 663 campestris
1085 617 1189 653 loeus
1218 617 1295 653 alte
1324 618 1416 654 duos
1445 618 1561 663 pedes
1591 620 1629 654 et
1658 617 1855 654 semissem
1884 617 2070 653 infodien-

220 684 289 719 dus
319 685 387 718 est.
415 683 461 729 V,
491 682 526 730 6,
560 682 606 720 18
635 683 779 721 scrobis
810 683 889 720 fieri
917 683 1031 720 debet
1058 683 1156 719 latus
1186 683 1321 729 pedum
1351 683 1518 732 duorum,
1548 684 1648 721 altus
1676 684 1753 722 levi
1780 686 1884 721 terra
1911 684 2073 721 totidem

220 750 368 796 pedum,
392 749 503 796 gravi
531 750 718 796 dupondio
747 753 785 786 et
812 751 1007 795 dodrante,
1036 750 1170 794 longus
1191 751 1326 795 pedum
1354 761 1432 786 sex.
1451 750 1501 796 II,
1527 749 1583 796 10,
1606 748 1652 786 26
1674 760 1782 787 areas
1813 750 1910 786 latas
1930 750 2069 796 pedum

221 816 369 863 denum,
397 814 532 862 longas
560 816 696 862 pedum
724 815 1025 863 quinquagenum
1051 815 1174 853 facito.
1204 815 1248 862 V,
1278 814 1313 862 9,
1342 814 1377 862 3,
1407 816 1596 862 oportebit
1623 816 1677 852 ita
1707 819 1807 853 totas
1837 827 1901 852 eas
1924 816 2070 851 immer-

219 882 313 928 geri,
341 884 383 918 ut
409 881 529 927 putris
558 884 660 918 terra
685 882 814 928 digitis
844 884 1020 927 quattuor
1056 882 1132 918 alte
1162 880 1416 927 superveniat.
1448 904 1494 908 —
1529 882 1713 918 Praetera
1746 882 1839 918 haec
1878 880 2069 918 adiectiva

221 948 529 995 praepositio
559 947 654 994 „in“
684 959 766 985 cum
809 947 1091 985 accusativo
1121 947 1319 984 coniuncta
1347 948 1532 994 sequitur:
1568 948 1680 996 XIII,
1712 947 1770 996 16,
1805 950 1828 985 3
1863 948 2006 985 sulcum
2036 949 2074 985 in

221 1015 397 1060 quattuor
425 1015 541 1061 pedes
570 1014 734 1061 longum,
765 1014 801 1051 in
831 1016 910 1051 tres
939 1015 1068 1062 altum,
1096 1014 1135 1052 in
1163 1014 1391 1061 dupondium
1437 1017 1475 1052 et
1502 1014 1698 1052 semissem
1745 1026 1827 1052 cum
1854 1014 2001 1051 feceris,
2032 1038 2075 1042 —ae

221 1080 405 1118 Similiter
431 1080 569 1117 dicitur
596 1081 641 1127 V,
672 1079 707 1127 6,
738 1080 784 1117 19
814 1080 912 1117 vites
941 1082 1075 1127 pedem
1103 1081 1206 1118 inter
1247 1091 1287 1117 se
1317 1080 1514 1117 distantes.
1554 1081 1596 1127 V,
1626 1080 1660 1129 6,
1696 1080 1745 1118 25
1773 1084 1889 1129 torus,
1928 1081 1990 1127 qui
2018 1084 2077 1119 est

221 1158 244 1184 a
271 1149 375 1185 terra
402 1149 578 1194 quattuor
605 1146 764 1194 pedibus
795 1146 952 1184 distans.

1093 1232 1112 1275 ξ
1140 1229 1201 1267 34.

346 1297 625 1335 Accusativi
652 1297 968 1343 adverbialis,
1012 1297 1075 1342 qui
1103 1299 1269 1343 vocatur,
1310 1298 1403 1333 hacc
1432 1309 1596 1343 propono
1625 1298 1816 1343 exempla:
1863 1298 1931 1334 ΙΙΙ.
1962 1296 2022 1345 21,
2051 1298 2075 1333 -1

221 1365 314 1400 haee
343 1362 513 1409 quamvis
551 1362 805 1410 plurimum
844 1363 1045 1400 delectent.
1076 1363 1120 1400 cf.
1150 1363 1195 1410 V,
1224 1364 1258 1410 6,
1289 1362 1347 1400 33.
1393 1385 1436 1388 ——
1480 1364 1586 1410 Vlll,
1616 1363 1651 1410 2,
1686 1364 1730 1400 13
1764 1376 1848 1401 non
1887 1364 2077 1401 multum

220 1430 385 1467 moribus
406 1429 559 1467 distant.
597 1430 668 1476 111,
697 1428 757 1476 20,
788 1429 810 1466 3
840 1431 1015 1475 quattuor
1044 1430 1104 1466 vel
1133 1440 1345 1466 summum
1372 1430 1544 1475 quinque.
1587 1431 1627 1476 V,
1649 1430 1683 1477 9,
1707 1429 1754 1467 10
1782 1433 1823 1468 ut
1851 1431 2076 1478 exiguum

220 1497 421 1534 admodum
475 1507 589 1543 supra
642 1497 812 1534 scrobem
859 1496 1033 1534 emineat.
1088 1518 1138 1522 —
1190 1495 1367 1542 Inprimis
1409 1508 1499 1534 vero
1540 1497 1710 1543 „nihil“
1756 1497 1810 1534 ita
1851 1500 2074 1543 usurpatur:

222 1564 292 1608 ΙΙΙ,
322 1562 356 1608 9,
386 1562 408 1599 4
450 1563 544 1599 nihil
581 1564 732 1599 dubium
762 1566 840 1610 est;
891 1564 916 1606 Ι,
947 1561 981 1609 7,
1011 1562 1050 1610 5,
1097 1563 1164 1610 ΙΙΙ,
1200 1561 1254 1610 10,
1285 1563 1350 1611 21,
1381 1563 1424 1610 V,
1454 1562 1488 1610 5,
1518 1564 1557 1611 6,
1594 1563 1659 1610 Vl,
1696 1564 1749 1611 ls,
1779 1561 1822 1612 2,
1858 1563 1948 1611 XII,
1979 1564 2012 1611 2,
2042 1565 2076 1605 6,

222 1628 316 1666 nihil
345 1629 474 1666 dubito
503 1630 554 1676 Il,
585 1627 644 1675 13,
679 1631 714 1676 1,
743 1629 815 1675 ΙΙΙ,
847 1630 906 1675 20,
937 1628 970 1665 4.

344 1695 596 1731 Accusativus
624 1695 706 1731 loco
735 1695 982 1740 appositionis
1019 1695 1089 1731 toti
1125 1695 1238 1731 alicui
1267 1694 1479 1732 sententiae
1507 1695 1676 1732 additur:
1722 1695 1785 1741 1V,
1819 1694 1877 1741 18,
1913 1696 1925 1731 1
1975 1707 2071 1741 quae

222 1760 415 1797 distinctio
443 1783 485 1786 —
512 1761 639 1797 oculos
669 1763 707 1797 et
734 1760 898 1806 vestigia
926 1760 1077 1806 domini,
1107 1771 1167 1796 res
1197 1771 1287 1805 agro
1316 1761 1596 1806 saluberrimas,
1625 1761 1773 1797 facilius
1804 1761 1979 1797 admittit.
1999 1762 2023 1807 ¹)

406 1826 481 1863 Per
508 1825 818 1872 anticipationem
846 1825 1054 1863 subiectum
1085 1825 1269 1863 enuntiati
1298 1825 1488 1863 inferioris
1518 1827 1659 1864 ordinis
1689 1829 1865 1873 tanquam
1892 1827 2076 1864 obiectum

221 1893 260 1929 in
301 1893 535 1930 enuntiatum
569 1892 787 1938 primarium
825 1893 1049 1929 translatum
1086 1895 1162 1929 est:
1206 1892 1272 1938 VI,
1315 1892 1349 1939 3,
1392 1891 1414 1928 3
1457 1903 1595 1938 eosque
1636 1903 1745 1929 nemo
1787 1892 1946 1939 dubitat,
1989 1891 2077 1938 quin

221 1959 352 2007 optimi
380 1957 504 2006 sint.²)

351 2027 546 2063 Postremo
589 2026 683 2062 illud
720 2026 827 2063 iuvat
859 2035 1162 2071 commenwrare,
1205 2024 1524 2061 accusativum
1554 2024 1787 2063 Graecum
1829 2025 2074 2064 Columellam

222 2103 308 2131 non
345 2092 677 2141 assumpsisse.

869 2174 911 2215 4.
950 2174 1019 2215 De
1052 2186 1148 2215 usu
1183 2174 1423 2215 ablativi.

1094 2265 1114 2311 ξ
1142 2263 1203 2302 35.

352 2346 606 2383 Ablativus
649 2346 976 2391 separationis
1019 2350 1150 2383 contra
1183 2346 1490 2383 consuetudinem
1526 2347 1697 2381 veterum
1732 2344 1964 2391 scriptorum,
2016 2345 2077 2390 qui

222 2413 521 2462 praepositiones
571 2411 677 2458 „ex“,
728 2411 834 2457 „ab“,
885 2411 977 2457 „de“
1022 2413 1202 2449 adhibere
1245 2412 1380 2458 solent,
1428 2410 1554 2448 verbis
1602 2409 1791 2447 nonnullis
1842 2409 2073 2458 adiungitur:

221 2480 486 2519 Abstinere
520 2489 617 2523 aqua
658 2478 814 2524 ciboque
843 2479 965 2524 pullos
995 2479 1104 2525 VHI,
1133 2478 1167 2525 5,
1210 2478 1271 2524 15,
1301 2478 1365 2524 VI,
1395 2477 1456 2523 30,
1486 2477 1525 2522 5,
1554 2477 1619 2523 VI,
1650 2475 1709 2522 30,
1739 2475 1779 2522 7,
1824 2476 1909 2523 VII,
1945 2477 2000 2523 10,
2031 2478 2074 2524 5,

222 2547 331 2593 VIII,
361 2544 396 2592 5,
427 2543 492 2591 23,
521 2544 590 2590 ΙΧ,
624 2543 679 2590 14,
709 2543 751 2590 3;
780 2543 849 2590 XI,
879 2543 914 2590 2,
943 2543 984 2591 6,
1013 2544 1082 2591 ΧΙ,
1106 2545 1138 2590 2,
1161 2543 1224 2590 96,
1256 2543 1521 2590 „abstinere
1550 2542 1639 2589 ab“,
1669 2543 1766 2587 quod
1795 2544 1854 2579 est
1881 2542 2075 2589 usitatius,

398 2663 417 2697 ¹)
443 2663 483 2691 cs.
510 2664 583 2691 Vell.
609 2663 671 2691 Pat.
695 2663 729 2696 11,
754 2665 800 2695 69,
825 2665 861 2695 6;
888 2663 922 2695 ΙΙ,
950 2665 1013 2696 130,
1039 2665 1067 2691 2.
1113 2665 1182 2690 sen.
1209 2663 1246 2690 de
1272 2662 1358 2690 brev.
1387 2663 1438 2689 vit.
1466 2661 1497 2693 V,
1526 2663 1569 2693 19,
1596 2663 1622 2687 2Δ

396 2712 420 2747 2)
445 2712 501 2739 Hic
525 2719 601 2739 usus
626 2713 685 2738 iam
708 2720 724 2737 a
747 2712 877 2738 Caesare
899 2712 1058 2738 admissus
1083 2713 1110 2738 B.
1138 2713 1171 2739 G.
1202 2714 1225 2744 1,
1254 2714 1307 2741 39:
1332 2718 1423 2743 „rem
1448 2709 1694 2742 frumentariam,
1718 2711 1752 2735 ut
1795 2709 1870 2736 satis
1910 2708 2076 2736 commode

223 2761 404 2797 supper-tari
429 2761 547 2796 posset,
574 2760 684 2787 umere
707 2768 739 2787 se
765 2759 948 2787 dicebant.¹‘
981 2761 1137 2788 sermonis
1169 2759 1303 2793 vulgaris
1328 2758 1475 2795 proprius
1497 2760 1552 2786 est.
1585 2756 1740 2794 Landgraf
1760 2765 1796 2785 zu
1821 2757 1924 2793 Reisig
1946 2756 1982 2786 N.
2008 2758 2073 2785 55⁴.
