2290 3102
1013 281 1062 287 ..
1116 257 1165 298 38
1221 282 1267 286 -

1014 540 1160 604 Pars
1202 539 1271 603 Π.

692 684 799 757 De
855 684 1142 757 ratione
1198 683 1589 757 rhetorica.

1052 839 1177 892 Caput
1213 840 1236 880 l

717 925 800 990 De
843 926 1143 991 verborum
1187 926 1567 991 collocatione.

1088 1051 1107 1097 ἓ
1136 1050 1196 1087 56.

397 1118 587 1165 Persaepe
609 1120 819 1157 Columella
846 1123 1029 1158 recedens
1058 1134 1081 1158 a
1109 1122 1271 1168 simplici
1299 1125 1338 1158 et
1366 1121 1558 1157 ordinaria
1585 1121 1784 1156 verborum
1814 1118 2061 1155 collocatione

209 1183 475 1220 subiectum
503 1184 550 1221 in
578 1185 799 1223 clausula
828 1187 1083 1224 enuntiati
1112 1187 1228 1235 ponit,
1258 1187 1339 1225 sive
1368 1189 1408 1224 ut
1439 1186 1741 1234 „adsignetur
1768 1183 1991 1222 auditori
2020 1186 2067 1220 et

211 1247 477 1295 infigatur“
494 1250 537 1296 ,¹)
565 1251 647 1288 sive
676 1252 781 1288 nulla
809 1252 992 1288 eiusmodi
1020 1253 1167 1289 ratione
1197 1253 1464 1289 intercedente.
1501 1252 1589 1287 Jam
1609 1261 1727 1297 pauca
1752 1250 1886 1296 prioris
1914 1248 2065 1296 generis

210 1312 326 1350 affero
354 1315 547 1362 exempla:
575 1315 642 1363 IV,
676 1317 732 1364 11,
764 1316 782 1354 1
813 1328 899 1355 nam
927 1317 1033 1358 illam
1061 1320 1231 1356 veterem
1259 1317 1470 1364 opinionem
1502 1315 1696 1354 damnavit
1722 1327 1845 1353 usus.
1891 1315 1962 1361 ΙΙΙ,
2004 1313 2062 1360 14,

211 1379 234 1414 2
261 1390 344 1416 cum
372 1380 542 1426 pluribus
573 1382 723 1418 dotibus
751 1385 922 1428 praestet
949 1384 1217 1420 viviradix.
1260 1383 1325 1429 VI,
1366 1381 1425 1428 18,
1464 1384 1478 1418 1
1512 1392 1686 1429 magnam
1715 1381 1829 1417 etiam
1857 1379 2061 1427 pernicicm

209 1443 320 1482 affert
348 1444 522 1484 hirudo.
551 1446 641 1495 XII,
658 1445 759 1496 25,2
786 1448 872 1487 111110
900 1449 955 1487 rei
984 1450 1046 1486 vel
1075 1449 1236 1486 maxime
1265 1452 1324 1486 est
1352 1449 1486 1486 idonea
1516 1448 1755 1496 coelestis
1784 1458 1909 1492 aqua.
1928 1469 1972 1472 —
1992 1446 2067 1483 Sed

210 1511 338 1547 multis
366 1511 453 1548 aliis
481 1513 575 1549 locis
604 1524 679 1550 non
706 1514 960 1561 intellegitur,
1004 1525 1069 1550 cur
1097 1514 1259 1561 scriptor
1286 1515 1332 1551 ab
1362 1513 1554 1551 ordinaria
1582 1512 1829 1550 collocatione
1858 1510 2063 1549 recesserit

210 1587 242 1613 e.
271 1587 305 1623 g.
333 1576 400 1623 IV,
429 1578 464 1624 6,
495 1578 517 1614 2
546 1589 629 1615 cum
658 1580 795 1616 deinde
823 1581 974 1626 paulum
994 1580 1196 1616 induruere
1217 1580 1358 1627 virgae.
1387 1580 1433 1626 V,
1459 1579 1493 1626 3,
1515 1579 1536 1616 9
1558 1590 1603 1615 ne
1624 1579 1662 1615 in
1681 1577 1864 1615 infinitum
1888 1578 2068 1624 procedat

210 1641 416 1689 disputatio
461 1646 601 1681 nostra.
647 1644 692 1692 V,
732 1644 766 1692 4,
797 1645 819 1682 2
863 1645 1037 1692 quoniam
1078 1646 1262 1692 pastionis
1305 1648 1481 1692 expertes
1519 1648 1606 1682 sunt
1642 1647 1852 1681 ceterarum
1895 1643 2063 1689 gentium

210 1708 412 1754 agricolae.

396 1774 605 1822 Praecipue
647 1787 738 1814 vero
776 1777 985 1814 Columella
1025 1779 1140 1815 hanc
1176 1778 1561 1814 collocationem
1599 1776 1802 1814 subiecti
1839 1775 1884 1812 in
1929 1786 2064 1812 enun-

209 1840 349 1877 tiatis
378 1841 610 1879 relativis
639 1845 760 1879 amat:
791 1843 857 1889 IV,
889 1842 947 1890 12,
978 1842 1001 1880 2
1044 1844 1141 1890 qnod
1168 1854 1287 1890 genus
1317 1842 1395 1890 iugi
1423 1842 1631 1879 canterium
1660 1843 1797 1879 vocant
1824 1840 1966 1878 rustici.
1998 1840 2063 1887 IV,

212 1906 271 1953 13,
302 1905 320 1942 1
352 1907 587 1955 (vinculum),
617 1919 687 1954 quo
717 1909 927 1956 religantur
955 1910 1109 1946 semina.
1140 1910 1206 1955 IV,
1225 1908 1284 1955 24,
1314 1907 1336 1944 4
1366 1908 1527 1955 (modus)
1557 1919 1665 1953 quem
1693 1906 1852 1944 dictabit
1879 1907 1980 1943 humi
2011 1909 2065 1942 at-

210 1983 281 2019 que
308 1972 426 2020 ipsius
455 1974 584 2020 stirpis
613 1975 772 2012 laetitia.
828 1976 894 2020 IV,
923 1974 983 2021 29,
1015 1975 1061 2012 16
1090 1975 1280 2022 lanugine,
1322 1986 1431 2020 quam
1474 1975 1663 2011 excitabat
1704 1974 1858 2019 antiqua
1899 1973 2062 2009 terebra.

209 2038 255 2085 V,
284 2038 319 2086 3,
350 2038 369 2076 1
401 2039 534 2085 quibus
562 2040 781 2087 frequenter
810 2044 964 2079 utuntur
991 2042 1191 2089 agricolae.
1236 2041 1302 2088 VI,
1340 2040 1400 2087 37,
1436 2040 1458 2077 4
1493 2042 1589 2086 quod
1629 2040 1832 2077 seminavit
1859 2039 1987 2076 asinus
2018 2060 2063 2064 —

210 2106 308 2150 quod
336 2109 568 2152 progenerat
596 2118 748 2153 onager.
779 2108 844 2152 VI,
874 2107 934 2154 38,
965 2106 987 2143 2
1016 2108 1146 2154 herba,
1190 2118 1299 2152 quam
1329 2109 1519 2143 veratrum
1548 2108 1685 2143 vocant
1713 2104 1857 2142 rustici.
1898 2104 1985 2151 VH,
2029 2103 2063 2151 5,

214 2168 258 2207 16
290 2181 400 2208 sacer
427 2170 539 2219 ignis,
569 2183 679 2218 quam
707 2173 880 2219 pusulam
909 2178 1047 2211 vocant
1075 2177 1259 2220 pastores.
1287 2172 1374 2218 VII,
1404 2172 1438 2218 8,
1468 2171 1490 2208 4
1518 2173 1696 2218 pondera,
1726 2171 1859 2217 quibus
1880 2170 2063 2216 exprima-

209 2239 271 2273 tur
298 2248 434 2273 serum.
464 2238 571 2284 VIII,
600 2238 635 2284 5,
665 2237 688 2274 3
717 2238 907 2284 animalia,
937 2250 1032 2284 quae
1061 2250 1187 2275 secum
1217 2237 1327 2274 affert
1354 2237 1446 2273 avis.
1487 2237 1576 2283 XII,
1607 2236 1654 2273 23
1696 2236 1771 2283 pix,
1812 2247 1884 2281 qua
1911 2238 2065 2272 utuntur

210 2303 258 2339 ad
287 2302 503 2340 condituras
533 2302 771 2351 Allobroges.
813 2303 904 2351 XII,
942 2303 1002 2351 25,
1044 2304 1061 2341 1
1098 2304 1137 2341 in
1166 2303 1455 2349 mediterraneo,
1498 2314 1568 2348 quo
1598 2314 1671 2339 non
1701 2307 1759 2339 est
1787 2301 1911 2338 facilis
1940 2312 2059 2346 aquae

212 2368 381 2405 marinae
409 2369 585 2406 invectio.
613 2369 725 2416 XIII,
755 2369 789 2416 4,
819 2371 842 2405 6
871 2370 939 2406 sub
968 2381 1041 2416 qua
1068 2368 1245 2406 consistit
1272 2367 1391 2405 dulcis
1419 2368 1559 2406 humor.

397 2434 720 2481 Frequentissime
766 2438 865 2483 apud
911 2437 1161 2474 Columellam
1208 2435 1491 2481 auxiliaria,
1538 2446 1633 2480 quae
1661 2438 1868 2479 vocantur,
1914 2434 2064 2469 verba

209 2500 406 2546 primum
435 2500 480 2536 in
509 2500 751 2537 sententia
778 2502 926 2538 locum
955 2501 1145 2538 obtinent:
1189 2499 1254 2547 VI,
1284 2497 1319 2547 3,
1352 2498 1376 2535 4
1417 2499 1532 2537 licet
1572 2498 1686 2537 etiam
1714 2498 1873 2537 vinacea
1900 2497 2059 2536 misceri.

210 2565 276 2612 VI,
309 2563 367 2612 16,
396 2563 419 2601 2
448 2566 610 2603 solent
638 2567 752 2604 etiam
771 2568 947 2614 neglecta
965 2569 1093 2604 ulcera
1112 2568 1262 2603 scatere
1288 2565 1486 2602 vermibus.
1514 2566 1580 2612 VI,
1609 2563 1670 2612 26,
1698 2564 1723 2600 4
1750 2564 1921 2610 placet
1949 2563 2062 2601 etiam

385 2697 405 2734 ι)
431 2698 555 2732 Quinct.
580 2698 631 2733 lX,
664 2699 731 2727 ⁴29.
