2290 3102
1003 376 1052 382 -
1106 353 1153 392 23
1209 376 1255 380 -

1004 462 1128 512 Caput
1156 461 1245 501 Vlll.

815 565 897 630 De
941 566 1473 651 praepositionibus,

1079 690 1098 734 ,8
1126 688 1187 726 38.

520 761 934 807 Praepositioncs,
978 770 1097 805 quae
1134 759 1450 796 accusativum
1487 758 1741 804 rccipiunt.

395 826 678 871 Pru-»positione
709 827 808 872 „ad“
842 826 1050 862 Columella
1077 826 1174 861 haud
1203 836 1287 861 raro
1314 825 1431 861 utitur
1448 835 1513 870 pro
1541 834 1719 869 „usque
1748 824 1841 860 ad“:
1875 825 1939 870 VI,
1970 824 2004 870 4,
2030 824 2052 860 4

205 901 356 927 atnurca
375 892 484 926 datur
504 892 547 926 ad
571 891 796 927 satietatem.
820 890 885 937 VI,
911 890 966 937 12,
984 889 1005 925 3
1023 890 1155 937 unguis
1170 891 1218 926 ad
1237 890 1359 927 vivum
1375 893 1577 926 resecatur.
1608 889 1712 935 VIII,
1735 888 1769 935 5,
1789 890 1809 924 2
1831 890 1983 926 ordeum
2003 890 2051 926 ad

205 957 420 993 satietatem
441 958 650 1002 praebetur.
681 957 720 993 cf
759 957 862 1002 VIII,
883 956 938 1003 11,
960 956 1030 992 15.
1054 956 1180 1002 -IX,
1214 957 1269 1002 15,
1299 955 1321 992 4
1350 956 1397 992 ad
1426 955 1655 991 occidionem
1680 965 1775 1000 gens
1804 955 2055 991 interimenda

206 1025 274 1058 ost.
304 1021 464 1069 X111,4,
487 1021 508 1058 5
529 1022 672 1058 sulcum
692 1033 773 1058 cum
794 1023 1004 1058 stercorata
1024 1024 1126 1058 terra
1143 1022 1190 1058 ad
1212 1021 1373 1058 medium
1394 1020 1537 1067 comple
1557 1023 1606 1057 to.
1622 1041 1672 1045 —
1688 1019 1878 1057 Mentione
1899 1020 2054 1068 indigna

205 1099 251 1124 ne
273 1088 366 1123 haec
397 1088 545 1132 quidem
568 1089 685 1123 verba
717 1092 819 1123 sunt:
850 1087 915 1133 VI,
945 1088 979 1133 2,
1008 1086 1030 1123 6
1060 1098 1109 1123 ne
1137 1090 1185 1123 ad
1214 1088 1396 1124 eiusmodi
1423 1091 1563 1123 tactum
1590 1089 1806 1132 pavescant.
1835 1086 2052 1132 (Sallustius

205 1153 409 1189 ablativum
436 1153 602 1199 (causae)
627 1150 809 1201 adhibet).
832 1168 884 1176 ·——
911 1151 975 1199 VI,
1008 1151 1065 1199 13,
1100 1154 1113 1188 1
1146 1153 1193 1189 ad
1222 1152 1387 1189 scabiem
1415 1152 1650 1199 praesentior
1677 1151 1754 1188 alia
1778 1151 1963 1188 medicina
1991 1155 2050 1188 est

205 1219 243 1264 (i.
265 1230 299 1255 c.
317 1222 358 1255 ut
378 1221 600 1255 extenuetur
616 1218 788 1263 scabies).
817 1217 958 1255 Similis
986 1217 1153 1254 brevitas
1183 1218 1412 1254 Columellae
1428 1218 1586 1264 placuit:
1616 1218 1706 1264 XII,
1728 1218 1788 1264 33,
1813 1219 1828 1253 1
1852 1217 1977 1254 vinum
2007 1219 2055 1254 ad

204 1288 372 1320 veterem
399 1284 531 1320 tussim
561 1287 598 1320 et
625 1284 672 1320 ad
701 1284 931 1320 stomachum
959 1283 1120 1319 condire.
1152 1305 1196 1308 —
1222 1282 1428 1330 „Facere
1457 1283 1534 1319 ad“
1565 1286 1759 1329 poetarum
1785 1293 1886 1320 more
1914 1283 2052 1319 dicitur

203 1361 269 1395 pro
298 1361 353 1396 eo,
383 1351 478 1394 quod
508 1353 566 1385 est
597 1350 784 1396 „valerc“,
818 1349 931 1395 „utile
960 1349 1090 1385 esse“:
1120 1349 1186 1395 IV,
1216 1347 1275 1394 26,
1309 1351 1323 1384 1
1356 1351 1458 1385 recte
1486 1349 1600 1385 etiam
1623 1348 1766 1385 faciunt
1797 1350 1845 1385 ad
1874 1360 1957 1385 eam
1971 1360 2050 1385 rem

205 1416 403 1453 silvestres
431 1415 539 1461 pinus
569 1417 679 1461 atque
710 1414 820 1451 etiam
850 1413 1026 1451 sambuci.
1066 1414 1182 1462 (Suet.
1215 1414 1344 1452 Claud.
1389 1413 1446 1451 16.
1488 1414 1585 1452 Plin.
1613 1426 1648 1451 11.
1675 1414 1710 1452 h.
1741 1414 1814 1461 22).
1842 1414 1909 1460 IV,
1939 1412 1998 1461 13,
2027 1411 2051 1451 2

206 1480 346 1527 legitur
377 1480 524 1526 „facere
552 1479 626 1515 in“.
660 1481 799 1525 „Ante
828 1480 1010 1515 annum“
1041 1490 1107 1525 pro
1138 1490 1257 1525 „anno
1294 1480 1403 1516 ante“
1434 1479 1636 1525 reperitur:
1669 1479 1780 1526 XIII,
1822 1478 1878 1524 16,
1914 1478 1937 1515 2
1966 1482 2054 1516 ante

205 1558 339 1583 annum
369 1557 478 1591 quam
506 1547 695 1591 deponant
722 1546 887 1590 arbores,
917 1546 1068 1582 scrobes
1097 1545 1247 1581 faciant.
1284 1546 1396 1592 XIII,
1425 1545 1459 1591 4,
1489 1544 1511 1582 3
1549 1545 1727 1591 optimum
1769 1546 1843 1582 erit
1875 1549 1962 1582 ante
1990 1557 2053 1582 an-

204 1622 289 1649 num
319 1610 471 1647 scrobes
500 1609 633 1646 facero.
664 1610 707 1646 cf.
737 1610 781 1656 V,
803 1609 837 1657 5,
863 1610 897 1656 1,
927 1610 971 1656 V,
988 1609 1022 1656 ἴ),
1039 1608 1071 1645 2.
1104 1611 1243 1656 „Ante
1271 1610 1406 1646 haec“
1437 1620 1503 1656 pro
1529 1613 1685 1657 antea,
1711 1611 1808 1656 quod
1836 1613 1895 1647 est
1922 1621 2054 1657 argen-

204 1681 289 1713 teae
331 1675 467 1712 aetatis
509 1676 709 1722 proprium,
747 1676 939 1713 invenitur
974 1676 1039 1722 IV,
1078 1674 1137 1720 29,
1176 1676 1230 1712 10.
1289 1676 1468 1721 „Circa“
1506 1678 1561 1712 de
1594 1680 1801 1722 tempore
1836 1679 2053 1722 usurpatum

204 1742 243 1779 in
270 1752 380 1788 prosa
417 1739 585 1777 oratione
613 1739 700 1777 inde
729 1751 751 1777 a
778 1740 887 1777 Livio
916 1743 1042 1778 exstat
1069 1740 1239 1787 exemplo
1267 1743 1472 1787 poetarum.
1492 1739 1517 1789 ¹)
1559 1741 1668 1788 Apud
1698 1740 1943 1778 Columellam
1970 1750 2052 1787 per-

204 1819 318 1854 saepe
345 1808 400 1844 ita
426 1807 592 1852 ponitur:
621 1806 673 1851 II,
701 1806 736 1851 4,
766 1805 789 1842 4
817 1807 917 1843 circa
945 1807 1147 1843 solstitium
1178 1828 1216 1832 —
1254 1807 1355 1843 circa
1381 1807 1612 1853 Septembris
1642 1807 1839 1844 Calendas.
1869 1807 1919 1852 ΙΙ,
1949 1807 1983 1853 4,
2007 1806 2049 1853 9,

207 1874 257 1921 ΙΙ,
300 1872 359 1920 10,
388 1870 456 1919 29,
502 1872 547 1916 V,
576 1872 611 1918 6,
642 1870 708 1919 19,
752 1872 796 1918 V,
828 1870 886 1919 11,
907 1870 951 1919 2,
993 1872 1058 1919 VJ,
1088 1871 1148 1919 24,
1177 1872 1220 1920 3,
1258 1872 1344 1920 VII,
1374 1871 1408 1920 3,
1440 1871 1503 1920 11,
1546 1873 1651 1919 VIII,
1682 1871 1716 1919 5,
1750 1874 1785 1920 1,
1813 1871 1892 1920 ῘΙΧ,
1923 1871 1981 1919 14,
2013 1871 2050 1933 13

205 1940 274 1986 XI,
305 1940 338 1986 2,
371 1937 432 1985 11,
462 1938 551 1984 XII,
581 1938 640 1984 52,
671 1936 734 1985 17,
765 1938 873 1984 ΧΙΙΙ,
906 1937 967 1985 20,
997 1937 1031 1975 3.

393 2004 567 2051 „Citra“
592 2015 613 2040 a
634 2003 840 2040 Columella
858 2007 923 2040 aut
951 2005 1002 2041 de
1030 2007 1236 2050 tempore
1264 2007 1465 2051 usurpatur
1492 2004 1570 2050 (qui
1585 2015 1674 2041 usus
1694 2005 1791 2050 apud
1821 2003 1916 2040 alios
1936 2003 2051 2050 scrip-

208 2076 309 2107 tores
338 2070 531 2107 rarissime
572 2072 611 2105 et
637 2070 783 2105 demum
811 2069 897 2106 inde
939 2071 985 2106 ab
1029 2070 1163 2106 Ovidio
1204 2070 1409 2107 invenitur:
1439 2071 1467 2116 ²)
1513 2070 1563 2116 II,
1593 2068 1627 2116 8,
1656 2071 1679 2106 3
1722 2070 1818 2106 citra
1864 2070 2051 2107 Calendas

206 2137 379 2174 Octobris
400 2135 604 2183 seminare,
633 2137 698 2172 aut
715 2135 851 2172 dicitur
869 2137 915 2172 dc
936 2146 990 2183 eo,
1011 2137 1132 2181 quod
1151 2135 1294 2173 finem
1319 2147 1405 2173 non
1425 2136 1612 2183 attigit:
1640 2136 1727 2180 VII,
1742 2134 1777 2183 6,
1794 2136 1816 2173 5
1837 2147 1907 2174 nec
1925 2139 2053 2174 tamen

209 2213 254 2237 ea
281 2203 363 2238 sola
390 2204 521 2237 creant
548 2202 712 2246 abortus,
741 2202 809 2236 sed
837 2201 949 2237 etiam
977 2202 1097 2247 glans,
1127 2212 1209 2237 cum
1238 2201 1334 2236 citra
1362 2202 1579 2237 satietatem
1599 2202 1689 2237 data
1716 2205 1784 2238 est.
1816 2201 1861 2238 cf.
1888 2202 1958 2248 IX,
1989 2201 2049 2248 13,

207 2268 229 2303 2
257 2267 341 2313 (Ov.
370 2266 465 2303 Cels.
495 2266 589 2302 Plin.
617 2265 753 2313 Suet.);
784 2269 847 2303 aut
865 2277 932 2312 per
946 2266 1317 2303 translationem
1346 2267 1477 2303 eadem
1492 2266 1531 2303 vi
1559 2266 1760 2304 adhibetur
1779 2278 1852 2313 qua
1880 2267 2052 2314 ,‚sine“:

205 2332 235 2380 I,
266 2331 299 2380 1,
328 2331 351 2369 2
380 2331 555 2369 voluntas
583 2330 817 2377 facultasque
845 2331 941 2368 citra
969 2331 1166 2368 scientiam
1192 2353 1237 2358 —
1267 2330 1428 2369 afferunt
1446 2331 1640 2369 iacturam.
1677 2331 1728 2376 ΙΙ,
1756 2330 1816 2380 10,
1847 2331 1894 2370 16
1923 2335 2051 2380 potest

206 2399 319 2435 etiam
348 2399 442 2435 citra
470 2398 582 2435 istam
611 2398 897 2434 medicationem
925 2398 1090 2446 servari;
1127 2398 1198 2445 ΙΙΙ,
1229 2397 1288 2445 10,
1321 2399 1385 2446 16,
1415 2399 1480 2445 VI,
1526 2399 1560 2445 2,
1591 2398 1658 2446 11,
1703 2399 1770 2446 VI,
1801 2400 1835 2446 2,
1866 2399 1935 2448 14,
1966 2400 2052 2446 VII,

206 2464 240 2513 3,
273 2463 337 2513 16,
366 2465 436 2512 ΧΙ,
465 2463 499 2512 3,
528 2464 594 2513 55,
624 2464 688 2501 VI.
717 2462 777 2512 37,
808 2465 828 2501 7
850 2464 961 2501 etiam
989 2464 1086 2501 citra
1105 2464 1299 2511 praedicta
1327 2464 1435 2512 signa
1463 2464 1667 2502 dissimiles
1697 2465 1755 2503 sui
1784 2466 1904 2503 mulas
1932 2466 2049 2514 fingit.

205 2532 288 2568 Uno
328 2532 409 2567 loco
450 2530 624 2577 „citra“
656 2531 812 2566 eandem
841 2530 1150 2576 significationem
1177 2531 1292 2566 habet
1320 2542 1426 2575 quam
1460 2542 1504 2576 „p
1517 2530 1714 2567 raeter“:
1741 2531 1793 2577 II,
1823 2530 1858 2578 2,
1882 2530 1930 2568 10
1959 2531 2054 2568 citra

204 2598 274 2635 hoc
302 2596 597 2643 experimentum
626 2597 743 2633 multa
771 2599 867 2643 sunt,
897 2606 991 2641 quae
1020 2617 1065 2621 —
1096 2595 1317 2643 significent.

380 2737 399 2773 ¹)
424 2737 484 2765 Csr.
511 2737 608 2765 Hand.
634 2737 723 2765 Tur-s.
755 2737 778 2764 ll
801 2744 850 2773 pg.
874 2738 920 2764 64.

377 2786 398 2825 2)
423 2786 485 2815 Ct'r.
512 2787 646 2823 Kuhner,
681 2787 741 2816 Lat.
767 2787 906 2817 Gramm.
930 2787 953 2815 ll
975 2793 1025 2824 pg.
1050 2787 1118 2815 397.
