2290 3102
1000 200 1254 240 -51—

200 310 269 358 IX,
298 309 334 358 5,
362 308 385 347 2
412 321 531 357 aeque
558 310 784 358 dedignatur
796 311 920 360 (apis),
949 311 983 350 si
1017 311 1138 349 minus
1166 322 1258 359 pure
1285 311 1416 349 habita
1443 314 1523 349 est
1549 323 1593 349 ac
1621 311 1654 349 si
1681 313 1925 349 tractetur
1951 310 2051 349 frau-

201 376 384 414 dulenter.
423 376 512 423 XII,
541 375 603 424 52,
632 375 680 413 22
708 376 740 414 si
768 376 834 415 sit
859 377 1047 425 profluens
1075 388 1183 425 aqua,
1213 398 1262 402 —
1290 376 1324 414 si
1351 388 1421 414 nec
1447 377 1584 414 fiumen
1612 378 1698 414 est.
1732 377 1804 424 ΙΙΙ,
1835 376 1894 424 10,
1926 375 1972 413 17
2002 387 2049 413 ex

202 453 249 479 ea
275 445 395 479 matre
423 443 592 480 subolem
626 454 846 490 propaga-re,
888 455 983 490 quae
1022 444 1192 491 geminos
1228 443 1341 480 enixa
1382 443 1465 490 sit,
1503 447 1541 480 et
1567 443 1666 480 fetus
1713 454 1840 479 earum
1867 444 2048 489 pecudum

203 518 299 554 quae
326 507 526 555 trigemino
553 510 663 554 partu
691 509 1098 547 commendantur.

386 586 423 631 9)
458 588 705 625 Personae
732 588 874 625 verbi
910 590 958 625 et
988 599 1189 626 numeru
1204 599 1239 626 s:
1280 588 1331 636 II,
1362 587 1396 636 9,
1425 587 1448 625 2
1484 599 1698 625 mensuram
1735 588 1860 625 variat
1886 591 1951 625 aut
1977 589 2049 625 loci

199 655 265 689 aut
291 652 470 699 temporis
498 657 563 689 aut
581 653 678 690 coeli
697 653 886 701 condici03
914 654 1000 700 loci,
1029 664 1111 690 cum
1130 654 1357 691 frumentum
1376 654 1526 700 seritur,
1548 653 1740 700 temporis,
1763 664 1845 690 cnm
1865 654 2053 691 frumenta

199 719 365 757 iacimus.
392 718 443 767 ΙΙ,
474 717 532 767 10,
566 718 609 757 16
638 730 732 767 quae
759 719 907 766 repleta
933 730 1016 757 cum
1042 722 1204 768 gypsata
1230 722 1318 759 sunt
1331 721 1553 768 quandoque
1580 720 1619 758 in
1634 731 1724 758 usus
1742 720 2047 768 prompserimus.

198 786 228 832 I,
257 784 292 832 6,
321 783 367 822 21
397 787 593 831 utrumque
621 785 927 833 (sterquilinium)
957 785 1124 832 pavitum
1152 786 1272 823 solum
1298 787 1448 833 habeat,
1477 797 1524 823 ne
1552 787 1749 823 humorem
1778 786 2048 823 transmittant.

389 850 449 897 10)
489 851 805 898 Imperativus
846 850 1129 897 praesentis
1164 853 1211 888 et
1244 851 1390 889 futuri
1424 855 1503 889 aut
1543 851 1867 899 imperativus
1905 853 1952 888 et
1987 851 2049 889 fu-

198 919 372 954 turum:
415 916 460 963 V,
490 915 549 964 10,
576 918 598 954 7
627 918 717 953 nota
745 938 790 942 —
821 917 1020 953 admoveto
1049 937 1098 941 —-
1126 918 1265 952 curato.
1309 916 1398 963 XII,
1428 916 1488 963 33,
1519 916 1538 953 1
1573 917 1721 953 scillam
1748 917 1865 964 legito
1893 926 2049 962 eamque

199 985 328 1019 secato
355 983 589 1028 taleolasque
617 983 816 1029 suspende.
860 982 951 1029 XII,
981 980 1041 1029 48,
1070 980 1094 1018 4
1122 983 1274 1019 contere
1303 984 1342 1019 et
1368 982 1494 1029 misce,
1526 985 1603 1019 tum
1632 982 1771 1019 adicito
1800 984 1839 1019 et
1865 982 2048 1019 obturato.

201 1048 246 1096 V,
283 1047 341 1096 11,
370 1047 392 1086 3
422 1051 599 1086 exsecato
627 1048 809 1095 dabisque
837 1058 999 1095 operam.

388 1112 447 1163 11)
475 1114 704 1152 Activum
733 1117 778 1151 et
804 1114 1053 1160 passivum:
1097 1114 1142 1160 V,
1172 1113 1207 1160 9,
1236 1112 1259 1151 3
1287 1114 1474 1160 oportebit
1508 1115 1692 1151 talearum
1720 1114 1845 1160 capita
1889 1113 2049 1151 oblinire

200 1183 239 1218 et
265 1180 319 1218 ita
347 1203 393 1207 —
422 1180 647 1229 immergeri.
675 1180 745 1228 IX,
775 1179 835 1228 13,
864 1178 886 1218 7
914 1179 1117 1227 galbanum
1136 1179 1287 1217 incendi
1305 1179 1482 1217 convenit
1500 1190 1685 1227 passoque
1700 1179 1823 1218 fessas
1844 1179 2047 1217 sustinere.

199 1247 268 1294 XI,
297 1248 332 1294 3,
362 1246 385 1283 5
413 1247 559 1283 semina
585 1268 634 1271 —
660 1246 738 1293 legi
766 1248 914 1293 oportet
940 1248 980 1282 et
1008 1266 1055 1270 —
1083 1245 1306 1282 immiscere.

386 1312 449 1358 12)
476 1312 797 1350 Enuntiatum
826 1311 1056 1350 relativu
1076 1323 1111 1349 m
1141 1314 1186 1349 et
1212 1311 1452 1349 condicion
1468 1312 1570 1349 ale:
1600 1312 1650 1359 ΙΙ,
1687 1311 1745 1360 15,
1781 1311 1804 1349 2
1841 1323 1911 1349 nec
1946 1311 2049 1358 igno-

199 1390 284 1416 rare
313 1378 464 1415 colonos
493 1379 651 1425 oportet,
680 1377 791 1415 sicuti
819 1377 1068 1425 refrigescere
1106 1388 1248 1425 agrum,
1294 1377 1355 1424 qui
1382 1388 1456 1414 non
1484 1379 1726 1424 stercoretur,
1767 1378 1821 1414 ita
1849 1378 1985 1424 peruri,
2015 1378 2047 1413 si

164 1445 171 1455 ⁸
198 1444 353 1481 nimium
381 1447 619 1480 stercoretur.

386 1506 447 1558 13)
475 1508 764 1546 Infinitivus
793 1511 839 1546 et
867 1509 1162 1546 enuntiatum
1191 1509 1557 1547 condicionale:
1586 1509 1653 1556 VI,
1683 1508 1743 1555 30,
1774 1507 1793 1545 1
1824 1519 1937 1554 saepe
1964 1508 2046 1554 plus

199 1577 365 1621 prodest,
394 1586 528 1621 pressa
555 1586 666 1611 manu
694 1576 890 1621 subegisse
917 1578 1027 1621 terga
1053 1586 1163 1620 quani
1191 1576 1224 1611 si
1250 1576 1465 1621 largissime
1495 1576 1598 1612 cibos
1628 1576 1825 1621 praebeas.

390 1639 450 1688 14)
480 1638 855 1677 Coniunctiones
878 1639 1018 1689 „cum“
1047 1642 1093 1678 et
1115 1640 1226 1688 „ut“:
1256 1640 1322 1689 VI,
1354 1639 1415 1689 35,
1447 1639 1466 1678 1
1498 1640 1578 1678 eius
1606 1639 1787 1678 vesaniae
1815 1639 1924 1686 signa
1951 1640 2047 1686 sunt,

202 1719 284 1744 cum
313 1718 431 1753 equae
461 1709 697 1753 concursant,
725 1707 884 1743 subinde
911 1710 953 1744 ut
979 1707 1171 1753 requirere
1201 1729 1247 1734 —
1277 1708 1420 1753 aliquid
1447 1708 1658 1745 videantur.

386 1771 450 1820 15)
491 1771 759 1811 Genetivus
789 1773 1050 1820 qualitatis
1092 1775 1130 1810 et
1158 1773 1457 1811 enuntiatum
1485 1771 1855 1810 consecutivum:
1897 1770 1982 1817 VII,
2011 1771 2046 1817 9,

200 1840 223 1877 2
252 1840 407 1877 Scrofae
434 1840 642 1885 probantur
669 1850 756 1875 sues
784 1840 996 1886 longissimi
1024 1842 1144 1876 status
1174 1842 1212 1876 et
1238 1843 1280 1876 ut
1300 1840 1377 1877 sint
1400 1862 1443 1865 —
1468 1840 1611 1876 similes
1640 1838 1838 1884 descriptis
1859 1838 2047 1874 verribus.

389 1903 447 1955 16)
485 1904 756 1943 Genetivus
789 1905 1011 1953 gerundii
1047 1907 1086 1943 et
1112 1905 1424 1943 infinitivus:
1480 1905 1550 1953 XI,
1584 1907 1614 1952 1,
1645 1903 1689 1942 11
1720 1915 1813 1950 quae
1840 1902 2047 1950 probabilis

200 1983 316 2009 causa
343 1974 402 2008 est
429 1971 712 2008 obmutescendi
740 1974 805 2008 aut
831 1971 871 2008 in
898 1972 1108 2009 socordiam
1135 1971 1339 2018 compelli?

387 2036 451 2084 17)
495 2037 809 2074 Adiectivum
854 2040 899 2074 et
943 2037 1247 2074 enuntiatum
1287 2037 1543 2074 relativum
1589 2039 1635 2074 et
1662 2035 2049 2073 consecutivum:

200 2103 287 2151 VII,
316 2102 351 2151 6,
381 2102 403 2141 9
439 2103 621 2150 magister
646 2102 794 2149 pecoris
823 2103 951 2141 alacer
977 2105 1089 2149 atque
1117 2104 1241 2141 audax
1269 2114 1355 2141 esse
1382 2104 1505 2150 debet,
1544 2105 1582 2139 et
1608 2102 1670 2149 qui
1696 2113 1763 2149 per
1790 2112 1903 2148 rupes
1931 2101 2045 2138 facile

201 2170 318 2207 vadat
342 2171 381 2206 et
407 2179 482 2205 non
509 2170 700 2215 sequatur,
729 2170 798 2205 sed
824 2169 1042 2215 plerumque
1070 2171 1112 2205 ut
1138 2170 1340 2206 antecedat
1365 2179 1528 2216 gregem.

387 2233 450 2281 18)
487 2234 787 2271 Adiectivum
816 2237 864 2271 et
890 2234 1193 2287 adverbium:
1230 2235 1317 2282 VII,
1346 2234 1381 2282 4,
1410 2234 1433 2271 5
1460 2245 1529 2271 nec
1556 2236 1682 2270 tamen
1710 2243 1756 2269 ea
1783 2232 1905 2269 minus
1934 2233 2043 2269 sedu-

199 2302 276 2339 lam
304 2311 431 2339 curam
458 2299 562 2348 foris,
592 2301 660 2337 sed
687 2299 867 2337 maiorem
894 2299 1139 2337 domesticam
1165 2300 1342 2347 postulat.
1388 2300 1472 2347 VII,
1501 2298 1545 2345 5,.
1565 2298 1588 2335 4
1615 2309 1703 2335 113111
1731 2297 1856 2345 (grex)
1883 2298 2046 2345 particu-

200 2367 308 2404 latim
335 2366 485 2403 facilius
514 2377 623 2412 quam
650 2366 849 2403 universus
878 2366 1121 2403 convalescit.

388 2430 451 2481 19)
491 2431 787 2470 Adiectivum
828 2432 868 2468 et
907 2430 1201 2469 enuntiatum
1241 2430 1492 2469 relativum
1539 2431 1577 2467 et
1617 2429 1870 2467 ablativus
1912 2431 2049 2475 atque

201 2498 460 2548 genetivus
501 2498 773 2546 qualitatis:
827 2497 914 2545 VII,
944 2495 979 2545 9,
1009 2496 1029 2535 1
1068 2508 1200 2536 verres
1226 2497 1410 2546 probandi
1441 2499 1530 2535 sunt
1555 2496 1672 2534 totius
1700 2496 1850 2543 quidem
1878 2495 2045 2542 corporis

202 2566 448 2613 amplitudine
489 2565 637 2613 eximii,
677 2566 744 2602 sed
780 2564 842 2611 qui
869 2564 1043 2610 quadrati
1077 2565 1201 2611 potius
1228 2567 1294 2601 aut
1319 2564 1470 2602 rotundi
1498 2575 1610 2610 quam
1637 2564 1743 2611 longi
1770 2566 1875 2610 311111,
1918 2565 2050 2600 ventre

201 2632 387 2681 promisso
417 2654 464 2658 —
492 2632 641 2680 amplae
669 2634 708 2671 et
733 2631 985 2681 glandulosae
1013 2630 1185 2672 cervicis.
1781 2688 1802 2721 7

1804 2692 1821 2708 ⁸
