2290 3102
1044 304 1286 341 -Π-

235 413 274 451 J.
303 413 503 451 Haussner
520 412 559 459 ¹),
612 413 681 450 Ed.
711 412 884 450 Stettner
898 414 927 459 ²)
969 414 1096 450 studia
1133 425 1201 450 sua
1229 417 1506 451 revocaverunt
1534 414 1573 451 in
1612 415 1749 452 librum
1791 414 1990 461 decimum,
2038 417 2101 462 qui

234 478 394 526 poeticis
438 477 605 515 numeris
647 477 742 524 (Col.
772 478 809 514 X
847 478 963 524 praef.
1004 477 1043 523 3)
1084 481 1144 515 est
1184 479 1440 526 conscriptus3
1486 479 1527 516 F.
1571 479 1661 517 Prix
1682 480 1710 527 ³)
1750 490 1840 517 vero
1888 480 2099 527 disputavit

235 545 386 590 quidem
415 545 462 580 de
490 555 664 580 sermone
694 543 938 588 Columellae‚
982 545 1050 580 sed
1078 544 1173 581 nihil
1201 545 1305 581 aliud
1334 545 1463 582 attulit
1490 545 1564 582 nisi
1606 546 1857 592 substantiva,
1892 546 2094 593 adiectim,

234 610 429 657 adverbia,
459 610 589 657 verba,
619 620 715 655 quae
743 609 866 646 rarius
894 612 960 646 aut
987 610 1086 656 apud
1115 610 1237 647 solum
1266 610 1513 647 Columellam
1542 613 1608 647 aut
1648 611 1746 656 apud
1775 611 1897 657 ipsum
1934 611 2098 657 primum

233 678 445 712 occurrunt.
502 674 647 721 Quodsi
688 674 779 710 mihi
820 674 997 719 proposui
1038 674 1258 711 universum
1288 675 1520 711 Columellae
1561 685 1681 721 genus
1724 675 1875 712 dicendi
1913 679 2095 722 tractare,

233 740 329 778 nihil
357 750 681 787 supervacaneum
710 750 768 776 me
797 739 984 776 facturum
1013 750 1099 776 esse
1127 740 1301 777 arbitror.

421 806 530 853 Quod
558 806 697 842 attinet
723 806 772 841 ad
801 805 926 851 operis
955 805 1254 853 dispositionem,
1284 806 1453 843 ordinem
1482 818 1505 843 a
1523 807 1718 853 Draegero
1739 808 1778 844 in
1804 808 2001 854 praeclaro
2030 809 2096 845 illo

234 872 394 917 scripto:
428 871 580 917 „Ueber
598 870 744 917 Syntax
772 871 848 906 und
877 870 949 906 Stil
978 872 1045 906 des
1066 871 1243 907 Tacitus“
1272 872 1527 919 observatum,
1556 882 1627 917 quo
1648 873 1771 918 aptior
1798 874 1846 909 ad
1867 884 1974 909 usum
1994 876 2098 910 esset

234 938 329 975 haec
357 936 635 983 commentatio,
663 935 784 974 libere
813 939 965 974 secutus
994 947 1087 974 sum.
1143 937 1188 974 In
1227 937 1429 975 laudandis
1458 937 1617 986 singulis
1658 937 1752 975 locis
1788 938 1953 977 editione
1982 939 2019 977 J.
2050 939 2094 977 G.

234 1003 522 1049 Schneideri⁴):
553 1002 786 1049 Scriptorum
814 1003 870 1040 rei
886 1003 1050 1040 rusticae
1066 1006 1237 1040 veterum
1254 1004 1474 1040 Latinorum
1491 1007 1577 1041 tom.
1606 1005 1657 1041 II.
1687 1005 1840 1050 Lipsiae
1865 1005 1973 1052 1794,
2003 1017 2093 1042 usus

231 1080 312 1106 sum
329 1071 442 1115 atque
476 1080 560 1106 eum
590 1068 823 1105 Columellae
851 1068 999 1115 librum,
1038 1068 1100 1114 qui
1134 1068 1352 1105 inscribitur
1383 1069 1452 1115 „de
1485 1069 1720 1116 arboribus“,
1750 1070 1951 1107 brevitatis
1981 1081 2096 1108 causa

230 1146 380 1182 semper
406 1134 562 1172 laudavi
589 1136 769 1180 tanquam
797 1134 950 1171 tertium
979 1135 1174 1172 decimum.

386 1325 612 1371 Priusquam
641 1325 690 1360 ad
716 1324 835 1370 ipsam
865 1334 944 1360 rem
960 1325 1173 1371 aggredior,
1198 1325 1310 1372 Juvat
1323 1325 1453 1372 paucis
1480 1326 1619 1371 dicere,
1649 1325 1734 1371 quid
1752 1325 1963 1372 generatim
1980 1329 2092 1372 atque

228 1392 408 1430 universe
436 1393 484 1428 de
513 1390 745 1427 Columellae
788 1389 938 1426 dicendi
978 1402 1119 1436 genere
1154 1391 1328 1428 sentiam.
1384 1391 1475 1427 Cum
1504 1391 1786 1428 existimatores
1815 1392 2025 1428 doctissimi
2054 1396 2093 1428 et

228 1455 620 1505 intellegentissimi⁵)
649 1465 778 1492 omnes
807 1454 888 1491 fere
908 1455 1094 1492 sermonis
1124 1455 1388 1493 Columelliani
1417 1455 1647 1504 elegantiam
1674 1456 1841 1503 laudent,
1863 1456 1908 1492 H.
1929 1455 2093 1493 Schiller

229 1525 301 1572 (in:
340 1523 570 1561 Geschichte
608 1523 677 1559 der
712 1522 925 1559 romischeu
952 1522 1169 1559 Kaiserzeit
1202 1523 1232 1568 I,
1261 1522 1353 1568 479)
1386 1524 1456 1560 hoc
1494 1525 1540 1559 de
1579 1534 1623 1559 eo
1661 1524 1840 1559 iudicium
1868 1523 1977 1559 fecit:
2008 1525 2089 1569 „Im

227 1589 483 1639 allgemeinen
510 1588 562 1626 ist
589 1588 659 1625 der
686 1586 964 1625 Schriftsteller
991 1587 1085 1625 iiber
1113 1586 1174 1625 die
1204 1588 1357 1625 Gestalt
1385 1588 1511 1626 seines
1541 1588 1677 1626 Stoffes
1707 1588 1811 1626 nicht
1839 1587 1999 1626 Meister
2027 1601 2090 1637 ge-

228 1658 396 1703 worden‚
425 1656 487 1692 die
515 1655 684 1702 Sprache
712 1654 900 1701 kunstlos‚
924 1654 966 1701 ja
994 1654 1094 1690 roh.“
1153 1655 1400 1691 Columellam
1429 1655 1491 1701 qui
1520 1656 1647 1701 aliqua
1675 1655 1889 1703 cognitione
1918 1656 2092 1703 attigerit

226 1726 267 1761 et
292 1734 406 1760 unum
435 1722 515 1759 eius
544 1721 723 1758 volumen
751 1720 874 1757 veloci
903 1720 1010 1757 oculo
1038 1721 1278 1766 percurrerit,
1316 1721 1429 1757 facile
1458 1721 1667 1767 intelleget,
1707 1733 1817 1766 quam
1846 1721 2013 1766 iniquum
2042 1722 2092 1758 sit

226 1788 298 1826 hoc
324 1786 515 1825 iudicium.
558 1784 779 1832 Columella,
809 1784 868 1822 vir
895 1784 1130 1822 humanitate
1159 1784 1297 1832 politus
1328 1787 1366 1823 et
1393 1785 1566 1822 doctrina
1593 1785 1811 1833 instructus,
1854 1785 2007 1834 scripsit
2043 1787 2090 1823 de

227 1856 341 1892 rebus
388 1853 552 1897 rusticis,
600 1854 668 1888 sed
710 1852 793 1887 sine
839 1852 1077 1896 rusticitate,
1126 1855 1164 1887 et
1209 1856 1250 1887 ut
1294 1852 1332 1887 in
1377 1852 1540 1887 transitu
1586 1856 1625 1887 et
1670 1862 1872 1897 progressu
1909 1853 2090 1888 orationis

226 1921 276 1959 ad
303 1930 403 1958 nova
432 1917 606 1964 exempla
633 1915 785 1964 saepius
814 1916 982 1954 varietas
1012 1917 1197 1962 quaedam
1231 1917 1471 1955 desideratur
1486 1918 1526 1963 ⁶),
1564 1916 1618 1954 ita
1646 1928 1783 1964 magua
1821 1922 1902 1955 arte
1941 1920 2092 1955 tenuem

404 2063 424 2099 1)
448 2063 475 2092 J.
501 2063 675 2095 flaussner;
700 2062 756 2090 Die
779 2060 1062 2089 hendsehristliche
1087 2059 1345 2095 Ueberliel'erung
1367 2060 1424 2088 des
1449 2061 1479 2089 t..
1503 2061 1614 2088 Junius
1639 2061 1817 2089 Moderatus
1833 2061 2005 2090 Columella
2031 2062 2088 2088 mit

226 2116 316 2144 einer
338 2112 514 2142 ltritischen
536 2110 682 2147 Ausgabe
704 2110 760 2139 des
785 2110 822 2138 X.
847 2110 979 2138 Boebes.
1026 2109 1130 2145 Progr.
1158 2109 1326 2137 Karlsruhe
1350 2111 1435 2138 4889.

400 2161 423 2197 ²)
448 2163 597 2194 Stettner,
623 2160 700 2191 Em:
742 2160 786 2187 De
809 2160 839 2190 L.
860 2160 953 2187 Junio
977 2159 1176 2188 Moderatore
1197 2158 1366 2186 Columella
1390 2159 1515 2194 Vergilii
1537 2160 1704 2187 imitatore.
1749 2160 1853 2194 Progr.
1877 2159 1977 2187 Triest
2006 2160 2088 2186 1⁸94.

399 2209 422 2246 Β)
447 2211 475 2239 F.
501 2210 588 2238 Prix:
613 2208 818 2246 Sprachliche
840 2208 1122 2244 Untersuchungen
1154 2216 1192 2236 zu
1213 2207 1396 2236 Columella.
1442 2208 1545 2244 Progr.
1571 2208 1673 2236 Baden
1699 2208 1823 2244 (Oestr.)
1853 2210 1935 2239 ¹883.
1971 2208 2009 2236 ct.
2036 2208 2085 2236 ad.

225 2262 285 2291 hoc
308 2261 424 2290 Archiv
447 2260 467 2289 f.
492 2259 546 2288 let.
571 2259 641 2287 Lex.
668 2267 702 2287 u.
725 2258 865 2286 Gramm.
889 2258 899 2285 l
923 2266 952 2295 p.
979 2260 1031 2285 ⁴27
1058 2258 1168 2291 (⁴88⁴).

397 2309 420 2345 ⁴)
445 2309 621 2338 nolendum
643 2311 701 2343 est..
722 2308 809 2344 quod
834 2308 973 2336 nondum
997 2308 1094 2335 editio
1117 2309 1232 2339 exstat,
1270 2314 1351 2342 quae
1384 2307 1474 2341 quasi
1509 2306 1573 2333 dux
1608 2306 1690 2334 fidus
1725 2313 1853 2342 semper
1883 2309 2009 2342 praesto
2032 2307 2082 2334 sit.

225 2359 417 2397 Nuperrime
440 2357 569 2396 quidem
594 2357 746 2387 Vilelmus
769 2356 959 2386 Lundstro'm
984 2364 1133 2392 magnum
1156 2354 1297 2385 laborem
1319 2354 1469 2392 suscepit,
1485 2355 1515 2383 in
1537 2354 1723 2384 collectione
1738 2355 1930 2391 scriptorum
1945 2358 2085 2383 veterum

225 2408 389 2445 Upsalensi
410 2407 604 2436 Columellae
624 2414 759 2443 operum
785 2406 956 2434 editionem
980 2413 1054 2433 vere
1075 2406 1219 2432 criticam
1244 2405 1408 2438 emittere,
1443 2405 1499 2431 sed
1523 2404 1562 2431 ad
1586 2404 1646 2431 hoc
1670 2407 1797 2439 teinpus
1820 2407 1943 2431 tantum
1972 2403 2087 2431 librum

223 2457 264 2487 de
284 2455 458 2486 arboribus
480 2458 512 2485 et
532 2455 648 2485 librum
672 2455 834 2485 decimum
856 2462 873 2483 a
898 2454 964 2483 viro
987 2454 1175 2483 doctissimo
1197 2454 1379 2491 accepimus
1401 2456 1432 2482 et
1466 2460 1613 2489 magnum
1648 2453 1802 2490 temporis
1823 2454 1962 2489 spatium
1986 2453 2084 2481 inter-

223 2507 326 2541 cedet,
350 2507 427 2535 dum
448 2513 559 2534 omnes
581 2505 654 2533 libri
676 2506 707 2533 in
727 2505 830 2533 lucem
854 2505 1040 2540 prodierint.
1065 2504 1210 2532 Ceterum
1226 2504 1286 2531 loci
1302 2511 1339 2531 ex
1353 2503 1432 2531 libro
1455 2503 1494 2531 de
1519 2502 1687 2530 arboribus
1703 2503 1879 2531 secundum
1898 2502 2085 2531 Schneideri

222 2556 397 2585 editionem
420 2553 540 2583 laudati
562 2553 739 2582 secundum
760 2552 935 2582 editionem
961 2560 977 2580 a
1001 2552 1037 2581 V.
1061 2552 1251 2580 Lundstrom
1274 2552 1423 2580 emissam
1447 2559 1508 2580 non
1533 2554 1621 2580 erant
1645 2551 1798 2579 mutandi.

398 2603 424 2639 ι5)
447 2603 510 2632 Cfr.
534 2602 838 2636 Teuffel-Schwabe,
864 2602 1052 2630 Gescbichte
1076 2601 1133 2629 der
1155 2604 1235 2630 rom.
1262 2602 1319 2629 Lit.
1357 2601 1391 2628 V.
1419 2601 1500 2629 Auss.

455 2675 475 2687 „
514 2652 628 2681 Martia
650 2651 781 2685 Schnnz,
1086 2673 1106 2684 „
1192 2672 1210 2684 ,‚
1276 2672 1295 2684 „
1355 2651 1389 2678 ll.
1443 2672 1462 2683 „

395 2701 419 2737 ⁶)
444 2701 507 2730 Cir.
525 2700 694 2732 formulas:
716 2700 870 2728 hactenus
885 2671 1149 2736 praecipiendum
1176 2699 1353 2727 existimavi
1378 2699 1428 2733 xl,
1447 2702 1474 2733 3,
1491 2702 1543 2731 65;
1569 2699 1722 2727 hactenus
1738 2698 1944 2734 praecepisse
1959 2695 2088 2724 abunde

221 2752 270 2780 est
290 2751 327 2785 V,
351 2752 398 2785 ⁴²,
424 2752 458 2785 5;
483 2753 531 2779 est
553 2752 584 2779 et
605 2749 740 2778 alterum
762 2756 861 2785 genus
884 2748 933 2784 vt,
956 2750 1002 2783 37,
1030 2751 1061 2781 t;
1086 2750 1159 2776 sunt
1180 2750 1211 2776 et
1233 2747 1336 2783 regiae
1361 2749 1392 2775 et
1415 2748 1493 2776 radii
1518 2747 1595 2781 xltl,
1621 2749 1664 2780 17,
1693 2749 1719 2776 3.
