2290 3102
1012 299 1265 337 -12X

213 423 386 468 paratum
413 422 599 460 habuerit.
628 422 674 469 V,
709 420 764 468 10,
797 420 843 458 16
873 421 905 459 si
933 421 1008 459 iam
1035 423 1209 461 arborem
1237 425 1359 461 satam
1396 424 1573 461 habueris
1604 445 1650 450 --
1680 424 1807 461 serito.
1850 424 1920 471 XI,
1949 422 1984 471 2,
2015 422 2065 461 ’70

210 488 280 524 1100
307 488 434 535 igitur,
463 500 546 526 cum
574 489 808 535 exploratum
837 488 1011 525 habuerit
1038 489 1200 536 villicus,
1237 489 1344 526 sciet.
1376 490 1421 536 V,
1452 488 1510 536 11,
1545 488 1568 526 5
1597 506 1646 521 z
1686 490 1796 537 XIII,
1834 488 1894 536 26,
1922 489 1965 537 43
1993 490 2063 536 XI,

213 551 248 600 3,
278 552 344 602 41;
373 554 443 602 ΧΙ,
473 554 534 602 49,
564 555 607 604 23
636 553 747 600 XIII,
781 552 838 599 17,
867 553 910 601 4;
940 554 1047 601 XIII,
1077 553 1137 602 23,
1167 555 1199 591 2.

1083 642 1102 687 ἓ
1134 640 1192 679 17.

396 727 878 776 Plusquamperfecto
916 727 1125 765 Columella
1160 736 1424 772 nonnunquam
1462 737 1550 764 usus
1588 729 1658 774 est,
1695 726 1759 764 ubi
1798 727 2060 773 exspectamus

211 793 498 837 perfectum:
532 796 547 831 1
579 795 697 840 praef.
727 793 777 831 20
805 795 843 831 in
872 796 940 831 hoc
968 793 1090 839 Latio,
1123 814 1167 818 —
1197 793 1260 829 ubi
1288 793 1341 829 dii
1369 793 1491 829 cultus
1507 803 1683 839 agrorum
1713 792 1929 839 progeniem
1951 804 2059 828 suani

211 858 430 905 docuerant,
471 859 523 896 ibi
564 871 663 897 nunc
708 861 757 896 ad
785 861 932 897 hastam
973 860 1150 895 locamus
1182 857 1200 894 1
1245 857 1365 904 praef.
1394 857 1444 895 30
1485 860 1656 894 cesserat
1692 879 1738 883 —
1768 858 2009 894 restinxerat.
2042 857 2061 893 1

210 922 326 969 praef.
358 922 403 960 13
431 923 598 962 fascibus
627 925 824 973 depositis,
868 935 959 971 quos
988 923 1230 962 festinantius
1273 923 1394 961 victor
1435 923 1656 961 reddiderat
1700 934 1810 969 quam
1852 924 2065 970 sumpserat

209 987 423 1035 imperator.
453 990 560 1037 VIII,
592 990 651 1038 11,
681 991 703 1029 6
733 1004 828 1037 quae
856 1001 1136 1038 proposueram.
1166 990 1274 1037 VIII,
1308 992 1364 1036 17,
1394 989 1417 1026 8
1446 1000 1572 1036 quare,
1602 992 1643 1026 ut
1661 999 1941 1036 proposueram,
1973 999 2062 1034 qua-

208 1053 356 1091 litatem
383 1057 689 1103 contemplemur.
719 1058 787 1105 IX,
832 1056 891 1104 16,
920 1056 943 1094 2
972 1056 1261 1103 complacuerat.
1310 1054 1357 1092 10
1384 1055 1500 1102 praef.
1540 1056 1564 1092 3
1605 1055 1899 1103 significaverat.
1928 1054 1997 1101 XI,
2030 1055 2061 1101 l,

208 1120 254 1156 31
286 1120 513 1160 disseruisse
541 1134 600 1160 me
621 1134 695 1162 non
715 1124 855 1162 infitior
882 1124 920 1161 in
939 1123 985 1160 iis
1005 1122 1125 1169 libriS,
1147 1133 1239 1168 quos
1256 1132 1545 1168 composueram.
1567 1121 1656 1169 XII,
1676 1119 1737 1169 48,
1767 1120 1790 1158 5
1811 1122 2051 1158 decoxerant.

211 1185 304 1234 XII,
333 1188 393 1235 51,
425 1186 444 1225 1
474 1189 740 1229 adhaeserant.

1083 1258 1103 1304 ξ
1135 1255 1191 1294 18.

401 1322 446 1359 Ι11
468 1333 538 1361 usu
558 1326 767 1371 temporum
787 1324 1077 1372 compositorum
1099 1323 1246 1370 passivi
1274 1322 1487 1360 Columella
1513 1322 1671 1360 formam
1705 1321 1892 1370 „fueram“
1912 1321 2062 1368 saepius

208 1386 365 1424 adhibet
384 1389 516 1425 eadem
544 1390 583 1426 vi
602 1401 676 1435 qua
698 1391 866 1437 „era111“:
899 1392 948 1437 ΙΙ,
977 1389 1012 1436 2,
1043 1389 1091 1426 10
1118 1392 1221 1426 terra
1248 1388 1373 1425 tuerat
1388 1388 1537 1425 effossa.
1566 1388 1632 1435 IV,
1666 1389 1722 1435 15,
1756 1389 1771 1424 1
1796 1388 1974 1434 malleoli,
1998 1387 2059 1433 qui

208 1450 359 1489 fuerant
386 1454 560 1501 depositi.
590 1456 635 1503 V,
657 1455 692 1504 5,
726 1455 770 1493 16
798 1459 938 1503 partes,
968 1467 1063 1502 quae
1091 1455 1241 1493 fuerant
1268 1455 1435 1492 obrutae.
1473 1455 1518 1502 V,
1548 1455 1582 1501 5,
1623 1452 1686 1501 183
1721 1454 1765 1501 V,
1796 1453 1855 1502 10,
1890 1455 1911 1490 7
1924 1468 1932 1502 ;
1971 1453 2061 1500 XII,

208 1516 269 1566 38,
299 1517 341 1567 2;
369 1520 459 1569 XII,
489 1519 550 1570 46,
579 1520 623 1570 4;
656 1521 702 1561 10
728 1523 847 1570 praef.
876 1522 909 1562 3.

394 1587 638 1634 Participium
665 1588 781 1625 futuri
796 1590 941 1635 passivi
961 1590 1199 1637 coniungitur
1216 1600 1299 1626 cum
1319 1590 1435 1626 verbo
1456 1588 1631 1634 habendi,
1654 1588 1716 1633 qui
1745 1598 1823 1624 mos
1853 1589 1913 1624 est
1932 1597 2059 1623 eorum

209 1654 444 1700 scriptorum,
475 1653 537 1699 qui
565 1656 651 1700 post
678 1655 890 1702 Augustum
917 1655 1079 1693 fuerunt.
1103 1656 1130 1703 ¹)
1170 1654 1261 1702 XII,
1296 1654 1331 1703 3,
1363 1656 1383 1691 7
1425 1654 1520 1691 illud
1561 1653 1847 1691 custodiendum
1874 1653 2059 1691 habebit..

208 1720 258 1767 II,
288 1719 323 1768 9,
354 1719 402 1758 10
431 1720 525 1757 illud
551 1720 858 1767 praecipiendum
887 1723 1018 1759 habeo.
1048 1722 1094 1759 cf.
1124 1722 1174 1769 II,
1214 1721 1273 1769 14,
1303 1721 1342 1769 9;
1381 1721 1471 1768 XII,
1502 1720 1562 1768 52,
1594 1721 1653 1760 13.
1704 1722 1749 1769 V,
1789 1721 1824 1768 5,
1853 1721 1877 1757 3
1903 1723 2061 1757 eatenus

206 1786 514 1834 praecipiendum
554 1787 747 1825 habemus.
793 1789 823 1834 Ι,
853 1787 885 1825 4.
917 1789 939 1825 2
967 1788 1075 1834 quasi
1115 1788 1394 1826 testificandum
1436 1790 1548 1833 atque
1589 1787 1883 1835 praedicandum
1924 1788 2057 1825 habeo.

208 1853 294 1900 XI,⁴
312 1852 345 1900 1,
376 1852 424 1890 24
453 1855 530 1890 tam
559 1853 661 1890 istud
690 1854 885 1891 vitandum
913 1855 1079 1902 habebit,
1109 1866 1219 1901 quam
1247 1855 1400 1891 hercule
1428 1854 1647 1901 fugiendum
1684 1854 1848 1891 venandi
1885 1854 2059 1891 studium.

206 1920 289 1957 Uno
318 1919 400 1955 loco
433 1929 501 1965 pro
529 1919 713 1966 gerundio
742 1919 860 1957 utitur
887 1920 1088 1959 infinitivo:
1118 1921 1164 1968 V,
1193 1918 1229 1967 8,
1259 1920 1280 1957 7
1305 1919 1421 1968 „haec
1445 1919 1483 1957 in
1508 1918 1724 1957 universum
1744 1920 1794 1957 de
1820 1921 1899 1958 toto
1921 1930 2061 1967 genere

207 1985 353 2023 arboris
382 1986 496 2023 habui
524 1985 688 2033 dicere“,
718 1997 788 2032 quo
818 1987 899 2023 1000
941 1986 1110 2024 imitatus
1153 1988 1305 2025 videtur
1346 1997 1432 2024 esse
1461 1986 1678 2023 Ciceronem
1707 1987 1754 2023 de
1781 1989 1858 2023 nat.
1896 1987 1996 2023 deor.
2024 1987 2059 2032 3,

210 2052 276 2087 93:
309 2051 426 2097 „haec
454 2051 534 2087 fere
563 2051 690 2088 dicere
717 2052 832 2089 habui
860 2053 906 2089 de
934 2055 1071 2090 natura
1099 2052 1286 2090 deorum.“

392 2118 550 2154 Mirifice
579 2120 681 2154 amat
710 2118 918 2155 Columella
947 2118 1246 2155 coniunctionem
1274 2118 1462 2165 participii
1481 2117 1639 2164 perfecti
1658 2117 1803 2163 passivi
1830 2128 1913 2154 011111
1942 2117 2057 2155 verbo

206 2183 371 2220 habendi
400 2194 557 2229 eamque
585 2183 623 2220 in
652 2184 768 2220 multo
797 2184 1090 2230 frequentiorem
1118 2195 1224 2221 usum
1252 2184 1395 2231 recepit
1422 2194 1532 2229 quam
1552 2183 1694 2230 Cicero,
1724 2183 1786 2229 qui
1812 2184 1884 2221 hac
1903 2184 2057 2220 circum-

205 2248 393 2285 locutione
423 2248 502 2286 fere
530 2248 567 2285 in
598 2249 725 2286 verbis
754 2250 1006 2296 cognoscendi
1049 2253 1087 2287 et
1114 2249 1305 2287 statuendi
1332 2249 1458 2286 utitur.
1480 2247 1507 2296 ²)
1546 2249 1674 2286 Verba
1712 2252 1848 2296 autem,
1878 2260 1973 2295 quae
2002 2249 2057 2286 ita

207 2317 444 2361 usurpantur,
474 2314 569 2351 haec
605 2316 711 2351 sunt:
753 2314 1019 2360 ablaqueatum
1048 2316 1187 2353 habere
1229 2316 1298 2362 XI,
1328 2314 1362 2362 2,
1392 2313 1457 2363 70;
1500 2315 1610 2362 XIII,
1639 2314 1675 2362 5,
1705 2316 1745 2363 33
1788 2316 1898 2363 XIII,
1933 2314 1989 2363 10,
2020 2315 2058 2353 4.

206 2380 415 2426 appositum
444 2381 479 2417 h.
509 2380 578 2427 IX,
611 2379 669 2427 12,
699 2379 741 2428 4;
772 2381 861 2427 XII,
898 2383 952 2427 19,
983 2380 1021 2427 4;
1064 2382 1153 2427 XII,
1183 2381 1243 2429 52,
1272 2382 1308 2418 5.
1347 2382 1515 2418 clausum
1542 2382 1576 2417 h.
1604 2381 1673 2427 IX,
1704 2380 1737 2427 9,
1770 2380 1803 2418 1.
1833 2382 2059 2418 collocatum

204 2445 238 2482 11.
268 2445 337 2492 ΙΧ,
368 2444 426 2492 12,
454 2445 489 2482 4.
520 2445 710 2494 cognitum
740 2446 775 2484 h.
810 2447 824 2483 1
857 2445 973 2494 praef.
1003 2447 1071 2496 253
1101 2447 1169 2496 XI,
1199 2446 1234 2496 3,
1263 2446 1332 2496 41;
1362 2447 1472 2495 XIII,
1495 2446 1553 2485 13.
1581 2449 1810 2494 compertum
1838 2448 1873 2485 h.
1903 2448 1974 2496 III,
1999 2446 2057 2495 10,

381 2583 399 2615 ¹)
428 2583 563 2610 Primum
590 2583 665 2611 haec
688 2584 871 2611 coniunctio
896 2584 1055 2611 invenitur
1078 2586 1163 2621 apud
1188 2586 1359 2615 Varronem
1385 2594 1407 2614 r.
1435 2594 1457 2613 r.
1485 2586 1504 2619 Ι,
1542 2587 1587 2620 16,
1629 2587 1661 2617 2:
1699 2585 1786 2614 inulti
1820 2601 1853 2605 -
1889 2585 2003 2614 babent
2029 2587 2057 2615 in

204 2633 346 2671 praediis
371 2634 619 2669 importandum.
663 2634 716 2662 cir.
743 2634 856 2662 Archiv
880 2635 914 2661 11.
941 2643 968 2670 p.
995 2636 1059 2665 380.

377 2681 398 2714 ²)
425 2682 485 2708 Cfr.
513 2682 566 2710 Ph.
591 2683 793 2713 Thin-inmun:
832 2682 954 2709 llabcre
990 2683 1045 2709 11111,
1079 2683 1152 2710 dein
1184 2683 1263 2711 Part.
1298 2683 1374 2710 Pers.
1407 2683 1488 2710 Pass.
1525 2683 1565 2708 iul
1590 2682 1705 2710 Archiv
1742 2682 1760 2710 f.
1787 2683 1816 2713 1..
1840 2691 1870 2711 u.
1895 2684 1929 2711 G.
1955 2683 1978 2710 11
2004 2685 2057 2711 372

202 2737 272 2767 sqq.
298 2733 328 2757 et
351 2732 406 2757 5⁰9
429 2737 508 2767 sqq.
