2290 3102
981 252 1235 298 -49-ss'

179 354 461 409 stercoratione.
500 371 552 418 H,
589 369 624 417 9,
661 368 710 406 14
742 370 921 407 animalia
959 391 1009 396 —
1044 370 1244 407 hominem.
1292 369 1344 416 ΙΙ,
1383 368 1442 416 10,
1484 369 1529 408 18
1565 370 1765 417 pinguibus
1799 369 1925 407 arenis
1966 369 2030 407 vel

180 437 413 485 congesticia
438 437 549 474 humo
577 435 813 483 proveniunt.
842 436 894 484 II,
924 434 983 483 10,
1013 434 1061 473 23
1089 447 1182 483 rapa
1209 437 1479 474 convertuntur
1505 435 1545 473 in
1571 446 1719 483 napum.
1747 457 1793 462 —
1822 446 1942 482 napus
1969 445 2028 472 ra-

178 512 310 549 porum
336 501 475 548 accipit
502 500 678 548 speciem.
725 501 776 549 II,
809 500 866 549 11,
895 499 918 538 3
947 503 986 537 et
1012 500 1165 538 siccitas
1193 501 1291 538 coeli
1319 503 1358 537 et
1383 503 1547 547 tepores.
1589 501 1642 548 II,
1675 499 1732 547 14,
1762 499 1784 536 7
1813 500 1962 537 surculo
1991 502 2031 535 et

180 568 384 615 segetibus.
427 567 478 613 II,
511 565 568 613 17,
600 568 616 602 1
648 577 768 612 neque
796 577 902 603 suem
932 588 977 593 —
1006 578 1127 612 neque
1154 578 1293 612 pecora
1320 567 1472 603 maiora.
1514 567 1586 613 ΠΙ,
1622 565 1656 612 1,
1694 566 1717 602 5
1745 567 1903 602 nebulas
1930 565 2030 611 prui-

179 645 339 681 namque
362 656 401 661 -
419 632 629 671 siccitatem
656 635 874 680 ventosque.
903 633 975 681 III,
1005 633 1040 681 2,
1069 631 1092 670 4
1119 632 1273 680 pruinas
1301 635 1340 670 et
1367 631 1580 680 caliginem.
1609 631 1681 680 ΠΙ,
1710 629 1770 680 19,
1803 630 1822 670 1
1853 631 1892 669 in
1917 630 2030 679 plano

180 722 230 726 —
257 700 296 737 in
323 699 488 737 clivosis.
529 699 600 746 ΠΙ,
631 700 664 746 2,
693 698 742 736 29
782 710 853 736 nec
891 709 1085 735 numerum
1118 710 1188 735 nec
1215 697 1502 745 appellationes.
1548 699 1620 745 ΙΙΙ,
1653 700 1710 744 11,
1740 697 1789 734 18
1823 698 1966 734 alluvie
1994 700 2033 734 et

180 766 498 805 inundationibus.
544 766 611 813 IV,
645 764 680 814 8,
715 765 735 804 1
779 765 919 813 frigore
953 788 1002 792 —
1030 765 1227 803 caloribus.
1273 765 1319 803 cf.
1349 765 1416 813 VI,
1452 763 1487 812 3,
1527 763 1547 802 1
1584 764 1710 802 calore
1737 785 1787 789 —
1813 762 2030 812 frigoribus.

180 832 247 879 IV,
278 831 338 879 11,
366 830 389 868 3
416 830 608 878 Vergilius
637 833 675 867 et
702 831 868 868 Saserna
894 831 1143 876 Stolonesque
1172 833 1210 867 et
1229 831 1402 867 Catones.
1445 831 1512 876 IV,
1543 830 1603 876 14,
1632 830 1656 866 3
1684 829 1764 866 fetu
1793 832 1833 865 et
1859 829 2029 865 materiis

181 898 340 934 onerari.
380 898 446 943 IV,
484 895 545 941 24,
583 896 605 934 6
634 897 753 934 solem
781 899 820 934 et
845 897 1004 942 pluvias.
1048 897 1116 944 IV,
1146 895 1206 943 24,
1236 895 1283 934 16
1312 896 1454 943 pruinis
1491 898 1530 934 et
1556 896 1709 943 frigore.
1755 896 1801 944 V,
1830 896 1865 943 5,
1894 895 1919 933 3
1948 895 2031 934 sive

181 963 308 1000 aratro
337 961 420 1001 sive
448 960 675 1000 bidentibus.
702 960 748 1009 V,
778 960 812 1010 5,
842 959 890 998 12
918 963 958 999 et
983 960 1146 998 fructum
1173 963 1212 998 et
1239 961 1428 998 materias.
1462 961 1507 1009 V,
1536 962 1571 1009 5,
1602 959 1650 998 12
1678 971 1786 998 crure
1815 964 1880 997 aut
1908 960 2027 997 comi-

180 1031 249 1066 bus
276 1031 398 1065 boum.
444 1029 490 1075 V,
519 1027 554 1074 8,
583 1030 606 1064 6
634 1039 794 1073 vapores
824 1050 870 1054 —
906 1028 1038 1074 frigus.
1084 1029 1130 1074 V,
1159 1029 1194 1074 9,
1223 1027 1246 1064 2
1287 1028 1396 1064 foeno
1443 1031 1481 1064 et
1521 1028 1749 1065 stramentis.
1796 1029 1883 1075 VII,
1926 1026 1960 1074 7,
2005 1027 2024 1065 1

180 1106 317 1142 pecora
344 1094 472 1132 morbo
501 1096 539 1132 et
565 1092 808 1141 languoribus
837 1094 1063 1130 macescunt.
1092 1092 1179 1140 VII,
1203 1091 1238 1140 3,
1263 1094 1284 1130 7
1304 1093 1532 1131 mercaberis
1548 1104 1638 1131 oves
1667 1093 1853 1132 intonsas:
1882 1094 2027 1132 variam

181 1172 385 1206 canamque
413 1160 651 1212 improbabis.
688 1160 796 1205 VIII,
824 1158 860 1205 2,
889 1158 911 1195 5
948 1160 1216 1200 certaminibus
1253 1162 1292 1196 et
1324 1171 1480 1206 pugnae.
1526 1160 1633 1206 VIII,
1671 1158 1706 1206 2,
1736 1161 1757 1196 7
1794 1161 1944 1206 plumae
1978 1182 2023 1186 —

180 1225 324 1273 pennis.
367 1224 411 1263 cf.
457 1224 565 1272 VIII,
595 1224 629 1272 4,
658 1223 691 1261 4.
736 1224 844 1271 VIII,
876 1222 935 1271 14,
963 1224 989 1261 4
1016 1224 1055 1262 111
1081 1224 1234 1263 flumine
1262 1227 1328 1263 aut
1352 1225 1520 1272 piscinis.
1565 1225 1635 1272 IX,
1666 1224 1699 1272 1,
1732 1226 1747 1262 1
1785 1225 1959 1272 quaestui
1985 1235 2030 1262 ac

181 1291 376 1328 reditibus.
404 1290 474 1338 IX,
504 1290 564 1338 14,
595 1289 642 1327 14
670 1290 811 1337 frigore
840 1293 879 1327 et
905 1291 1206 1338 tempestatibus,
1237 1290 1292 1338 (at
1309 1292 1379 1339 XI,
1399 1293 1435 1338 3,
1456 1290 1501 1327 51
1524 1291 1726 1338 frigoribus
1755 1303 1799 1328 ac
1825 1293 2029 1338 tempesta-

180 1357 309 1405 tibus).
337 1357 407 1405 XI,
436 1355 471 1404 2,
502 1356 548 1393 21
579 1367 662 1394 611111
689 1356 873 1404 grandine
902 1359 941 1394 et
966 1356 1115 1395 nimbis.
1152 1357 1243 1405 XII,
1274 1356 1332 1404 19,
1362 1356 1384 1395 3
1412 1358 1491 1394 levi
1517 1357 1605 1405 igne
1633 1360 1672 1395 et
1698 1358 1873 1395 tenuibus
1901 1357 2027 1405 lignis.

160 1423 271 1471 xXII,
288 1421 386 1470 52,4
405 1422 532 1470 lapide
548 1423 611 1460 vel
638 1422 787 1470 tegulis.
815 1422 927 1470 XIII,
960 1423 1017 1470 10,
1046 1422 1070 1459 4
1097 1422 1237 1460 imbres
1264 1423 1478 1469 limumque.
1509 1423 1595 1469 VII,
1624 1422 1659 1469 9,
1681 1421 1703 1459 6
1732 1433 1887 1459 nemora
1913 1423 2028 1460 vesti-

181 1492 294 1526 untur
321 1499 470 1535 quercu,
512 1489 660 1535 subere,
688 1489 787 1535 fago,
817 1489 946 1535 cerris,
975 1488 1135 1535 ilicibus,
1165 1489 1353 1535 oleastris,
1382 1489 1606 1535 termitibus,
1644 1489 1783 1535 corylis
1820 1489 2028 1534 pomiferis-

182 1565 253 1600 que
281 1554 534 1601 silvestribus,
576 1556 617 1591 ut
657 1556 744 1591 sunt
771 1554 881 1592 albae
917 1554 1060 1602 spinae,
1107 1553 1277 1592 Graecae
1308 1554 1479 1601 siliquae,
1503 1554 1712 1601 juniperus,
1753 1555 1864 1601 lotus,
1906 1554 2026 1602 pinus,

182 1629 329 1667 cornus,
358 1620 525 1667 arbutus,
553 1630 693 1666 prunus
722 1621 761 1655 et
786 1619 955 1665 paliurus
983 1622 1095 1665 atque
1123 1621 1307 1657 achrades
1335 1620 1418 1666 piri.

368 1685 406 1732 2)
435 1686 610 1723 Casus:
639 1686 709 1733 IX,
739 1686 774 1733 5,
803 1684 826 1722 2
854 1696 975 1732 neque
1003 1697 1050 1723 ea
1075 1686 1188 1733 (apis)
1217 1688 1428 1723 curatorem
1456 1686 1735 1723 fraudulentum
1763 1688 1919 1733 tantum,
1961 1686 2028 1723 sed

183 1750 298 1788 etiam
325 1750 538 1788 immundae
568 1750 754 1799 segnitiae
781 1761 917 1798 perosa
950 1753 1019 1788 est.
1065 1751 1137 1798 III,
1185 1750 1244 1799 13,
1287 1751 1310 1788 5
1347 1752 1497 1797 quidam
1538 1752 1725 1798 dupondio
1767 1755 1806 1788 et
1846 1753 2028 1788 dodrante

182 1817 300 1853 altum
328 1817 484 1863 sulcum,
512 1817 631 1853 latum
658 1818 794 1863 pedum
822 1817 983 1862 quinque
1010 1816 1161 1853 faciunt.
1210 1817 1255 1863 V,
1302 1815 1337 1863 6,
1386 1815 1433 1853 18
1479 1817 1623 1853 scrobis
1668 1818 1767 1853 altus
1807 1817 1885 1853 levi
1926 1820 2030 1853 terra

184 1883 340 1918 duorum
366 1883 514 1928 pedum,
542 1881 652 1929 gravi
679 1882 866 1928 dupondio
895 1885 934 1918 et
961 1883 1155 1919 dodrante.
1184 1883 1251 1928 IV,
1281 1881 1316 1928 3,
1345 1881 1368 1918 5
1396 1883 1494 1919 bene
1520 1882 1681 1928 positam
1701 1882 1849 1919 vineam
1867 1882 2029 1927 bonique

183 1947 334 1994 generis
363 1950 401 1985 et
428 1948 526 1984 bono
555 1948 699 1984 cultore
726 1947 888 1994 gratiam
915 1947 1119 1985 reddidise.
1161 1947 1233 1995 III,
1263 1946 1297 1994 1,
1325 1947 1351 1984 4
1379 1947 1509 1995 refert,
1544 1948 1647 1985 cuius
1675 1948 1826 1995 generis
1854 1950 1920 1985 aut
1956 1958 2027 1994 quo

182 2012 314 2050 habitu
341 2013 459 2050 vitem
487 2012 612 2049 colere
642 2023 809 2049 censeas.
838 2013 904 2060 VI,
933 2011 994 2060 21,
1023 2011 1046 2049 2
1074 2023 1213 2050 vaccae
1241 2012 1447 2058 probantur
1474 2012 1682 2049 altissimae
1710 2013 1853 2049 formae
1875 2013 2029 2059 longae-

184 2089 267 2126 que,
296 2078 469 2116 maximis
497 2078 628 2126 uteris,
657 2077 844 2115 frontibus
872 2078 1080 2116 latissimis.
1108 2079 1175 2126 VI,
1204 2076 1265 2126 36,
1294 2076 1317 2115 2
1338 2088 1471 2124 equam
1491 2078 1666 2116 convenit
1686 2101 1731 2105 ——-
1753 2079 2029 2125 pulcherrimae

183 2144 339 2192 somnae,
368 2144 545 2182 membris
573 2144 746 2192 fortibus,
774 2145 1092 2191 patientissimam
1115 2136 1262 2183 laboris
1291 2145 1443 2193 eligere.
1484 2146 1550 2192 VI,
1579 2144 1639 2193 37,
1668 2144 1690 2182 6
1719 2145 1848 2182 asinus
1877 2145 1928 2182 sit
1955 2156 2031 2182 am-

184 2210 347 2257 plissimi
375 2210 553 2257 corporis,
589 2210 737 2248 cervice
765 2210 905 2258 valida,
951 2211 1116 2248 robustis
1145 2222 1189 2248 ac
1215 2211 1304 2248 latis
1334 2212 1461 2259 costis,
1493 2233 1537 2237 —-
1567 2211 1701 2248 coloris
1731 2211 1830 2258 nigri
1863 2212 1927 2248 vel
1956 2222 2031 2248 ma-

184 2276 315 2313 culosi.
345 2276 411 2313 cfr.
440 2276 527 2323 VII,
557 2277 592 2323 3,
621 2277 665 2324 33
694 2276 782 2323 VII,
812 2275 846 2322 6,
875 2275 918 2325 2;
947 2276 1035 2323 VII,
1065 2276 1099 2324 9,
1131 2277 1171 2324 13
1201 2277 1308 2324 VIII,
1337 2276 1372 2323 2,
1402 2276 1443 2324 7;
1473 2277 1580 2324 VIII,
1609 2275 1644 2323 2,
1672 2275 1712 2324 8;
1743 2277 1814 2324 ΙΧ,
1846 2275 1905 2324 10,
1936 2276 1969 2313 1.

371 2353 410 2400 3)
439 2354 584 2390 Casus
613 2353 795 2398 aliquis
825 2355 868 2389 et
894 2353 1211 2399 praepositio:
1238 2352 1366 2401 11‚10,
1389 2354 1434 2390 10
1465 2352 1660 2390 nocebitur
1677 2352 1713 2389 ei
1732 2353 1880 2391 roribus
1896 2353 2031 2391 aliisve

185 2428 232 2454 ex
260 2417 396 2455 causis.
438 2418 468 2465 I,
499 2419 533 2466 2,
564 2417 583 2455 1
613 2420 785 2455 naturam
813 2417 885 2454 soli
913 2417 995 2455 sive
1023 2417 1062 2454 in
1088 2418 1284 2455 frondibus
1313 2422 1351 2455 et
1391 2418 1515 2455 herbis
1558 2419 1640 2455 sive
1668 2418 1744 2455 iam
1772 2419 1929 2456 maturis
1957 2418 2032 2455 fru-

123 2480 130 2485 ’
184 2484 293 2530 gibus
321 2485 608 2530 contempletur.
655 2484 705 2531 II,
746 2483 806 2530 14,
844 2482 866 2520 3
903 2495 971 2530 per
1003 2484 1164 2521 hiemem
1201 2488 1239 2522 et
1265 2496 1365 2522 vere.
1393 2485 1443 2531 ΙΙ,
1477 2485 1533 2531 17,
1567 2484 1593 2521 4
1620 2488 1769 2522 aestate
1799 2508 1845 2512 -
1874 2496 1942 2531 per
1969 2496 2032 2522 au-

184 2552 361 2586 tumnum.
390 2549 455 2586 cfr.
485 2549 552 2596 IV,
582 2547 642 2596 23,
670 2547 710 2597 2,
742 2549 785 2595 V,
815 2547 849 2595 9,
878 2549 920 2596 63
951 2548 1059 2597 VIII,
1088 2547 1123 2597 6,
1157 2551 1198 2598 13
1223 2550 1330 2597 VIII,
1360 2548 1394 2596 9,
1427 2551 1456 2586 1.
1490 2549 1580 2597 XII,
1614 2548 1673 2598 16,
1703 2550 1723 2587 1
1755 2551 1891 2588 deinde
1910 2551 2030 2587 aheno

185 2615 248 2652 vel
275 2616 314 2652 in
342 2616 422 2652 alta
448 2627 548 2653 nova
574 2615 681 2652 fictili
709 2615 834 2661 ampla
863 2636 907 2639 ——
937 2614 1108 2653 lixiviam
1139 2637 1174 2641 -
1213 2616 1378 2653 calefieri
1406 2616 1591 2654 convenit.
1618 2617 1691 2665 III,
1725 2618 1781 2664 13,
1809 2615 1832 2654 2
1859 2627 1927 2664 per
1953 2619 2031 2653 tres

184 2681 434 2728 longitudinis
462 2682 578 2727 pedes
607 2692 747 2727 perque
775 2682 867 2717 duos
896 2681 934 2717 in
961 2680 1212 2718 latitudinem.
1255 2682 1299 2717 cf.
1341 2682 1389 2719 V.
1418 2684 1452 2728 ι’),
1483 2680 1505 2718 2
1535 2683 1665 2719 scrobs
1694 2683 1732 2719 in
1762 2682 2031 2728 longitudinem

1820 2740 1839 2773 7
