2290 3102
237 374 372 412 similis
401 374 462 421 sit,
492 397 540 402 —-
569 376 610 411 ut
636 376 740 410 terra
767 395 814 400 —-
845 385 868 410 a.
894 373 1033 418 pluviis
1062 383 1135 409 non
1163 374 1348 409 abluatur.
1378 395 1424 398 —
1453 374 1562 422 VIII,
1583 374 1618 423 4,
1639 374 1662 412 3
1691 385 1779 413 esca
1805 375 1863 413 bis
1884 376 2089 414 dividenda

237 441 307 488 est,
338 441 381 478 ut
411 461 452 467 —
485 450 576 478 aves
604 450 680 477 non
708 461 754 464 —
784 441 1003 487 evagentur.

427 506 589 554 „Quin“
621 505 791 551 sequitur
818 506 975 542 verbum
1003 505 1210 552 dubitandi,
1242 506 1305 543 ubi
1333 506 1428 543 illud
1456 508 1589 545 eadem
1617 508 1768 549 notione
1797 508 1997 546 adhibetur
2020 521 2093 555 qua

199 594 200 597 =
239 573 473 620 „cunctari“;
517 582 740 618 quamquam
779 571 841 608 hic
882 582 971 608 usus
1000 582 1047 608 ne
1088 573 1185 617 apud
1222 572 1382 618 optimos
1420 573 1569 619 quidem
1598 574 1801 621 scriptores
1829 575 1941 621 plane
1970 576 2090 613 deest.

236 638 307 686 IX,
336 639 371 686 5,
405 640 420 675 1
466 638 499 675 si
534 637 653 675 villae
681 638 776 675 situs
811 637 865 674 ita
902 638 1091 684 competit,
1129 649 1203 675 non
1232 640 1291 675 est
1318 638 1577 686 dubitandum,
1607 640 1695 685 quin
1724 640 1895 678 aedificio
1924 641 2088 678 iunctum

235 705 420 751 apiarium
449 703 615 741 maceria
643 703 928 740 circumdemus.

423 769 721 819 „Quominus“
765 771 898 806 contra
929 780 1036 806 usum
1072 770 1239 817 ponitur:
1282 771 1368 818 VII,
1398 770 1432 818 9,
1477 770 1521 808 12
1563 773 1626 818 qui
1655 772 1910 820 (porculator),
1956 774 1987 810 si
2016 785 2090 811 me-

233 838 353 875 moria
380 837 564 883 deficitur,
601 836 797 882 quominus
826 838 1008 883 agnoscat
1036 836 1214 881 cuiusque
1242 837 1474 885 progeniem,
1515 850 1580 884 pro
1613 838 1765 885 „quin“
1796 843 1998 885 usurpatur
2037 840 2087 887 ΙΙ,

238 905 293 951 18,
321 902 345 940 2
373 914 443 940 nec
471 902 620 940 omnino
649 902 918 948 annotabimus,
949 902 1143 947 quominus
1172 903 1240 938 sub
1269 905 1409 939 tectum
1438 907 1672 951 congeratur.

422 969 658 1017 „Necesse
688 968 779 1005 est“
817 980 839 1005 a
867 968 1077 1005 Columella.
1103 971 1144 1005 ut
1172 969 1218 1005 ab
1247 969 1397 1015 optimis
1426 971 1672 1017 scriptoribus
1716 982 1797 1007 cum
1836 971 2088 1010 infinitivo

232 1036 409 1082 coniungi
436 1036 553 1083 solet3
583 1035 641 1071 bis
670 1037 797 1071 tamen
826 1034 989 1070 occurrit
1012 1045 1234 1080 „necesse
1264 1037 1348 1082 est,
1379 1035 1464 1082 ut“,
1494 1038 1591 1082 quod
1615 1036 1730 1073 etiam
1750 1038 1847 1083 apud
1868 1037 2083 1075 Ciceronem

230 1102 351 1138 tribus
379 1102 472 1138 locis
500 1101 701 1139 invenitur.
716 1099 739 1148 ¹)
777 1101 853 1136 Col.
882 1100 953 1146 III,
983 1099 1043 1146 21,
1073 1099 1095 1136 6
1125 1112 1280 1137 necesse
1302 1104 1371 1146 est,
1410 1104 1450 1137 ut
1481 1102 1744 1148 neglegentiae
1773 1103 2084 1139 vindemiatorum

233 1167 356 1203 aleam
391 1166 535 1202 subeat.
564 1165 611 1203 cf.
639 1164 730 1212 XII,
760 1165 820 1212 52,
849 1163 883 1201 2.

417 1233 474 1268 De
502 1232 664 1269 formula
694 1233 829 1277 „adeo
859 1243 963 1275 non,
994 1231 1060 1266 ut“
1093 1231 1179 1266 vide
1208 1243 1263 1276 ca,
1293 1243 1387 1275 quae
1416 1233 1688 1278 disputavimus
1717 1244 1798 1279 pag.
1827 1233 1860 1270 9.

1108 1360 1216 1405 ξῦὲ.

802 1468 873 1507 De
907 1468 1215 1508 enuntiatis
1249 1468 1523 1509 finalibus

414 1569 713 1606 Usitatissimum
743 1570 803 1604 est
822 1568 1053 1604 Columellae
1082 1568 1333 1604 coniunctioni
1358 1568 1449 1614 „ne“
1474 1568 1716 1614 praemittere
1747 1569 1949 1616 particulas
1974 1570 2072 1618 „sic“

231 1639 270 1673 et
300 1635 418 1684 „ita“:
462 1636 493 1683 Ι,
522 1636 557 1683 6,
586 1636 610 1672 3
639 1634 870 1682 ergastulum
899 1634 965 1670 fiet
993 1633 1221 1671 illustratum
1250 1634 1429 1671 fenestris
1456 1647 1479 1671 a
1506 1638 1608 1672 terra
1646 1636 1700 1671 sic
1729 1636 1853 1682 editis,
1895 1648 1942 1673 ne
1971 1649 2082 1674 manu

227 1702 395 1748 contingi
423 1702 579 1748 possint.
634 1701 665 1746 Ι,
694 1699 729 1746 6,
759 1702 782 1736 5
811 1700 961 1735 stabula
989 1699 1043 1735 sic
1072 1700 1302 1746 ordinentur,
1342 1711 1388 1736 ne
1417 1700 1499 1746 quis
1529 1701 1661 1737 humor
1688 1700 1843 1739 influere
1872 1701 2001 1748 possit.
2030 1702 2075 1749 V,

226 1767 261 1815 5,
289 1768 315 1804 4
343 1767 489 1804 semina
516 1767 570 1803 ita
597 1765 843 1812 deponantur,
873 1776 919 1801 ne
947 1766 1116 1811 protinus
1146 1768 1246 1802 totus
1275 1766 1419 1802 scrobis
1448 1769 1549 1802 terra
1579 1767 1820 1812 compleatur.
1878 1767 1987 1813 XIII,
2016 1766 2077 1814 26,

225 1833 247 1870 9
275 1833 376 1870 circa
402 1843 587 1880 gemmam
614 1832 711 1869 bene
739 1830 879 1868 vincito
908 1831 971 1878 ita,
1001 1841 1047 1867 ne
1076 1831 1218 1868 laedas,
1264 1853 1304 1856 —
1341 1831 1483 1868 Similis
1512 1835 1701 1869 structura
1728 1835 1801 1869 est:
1835 1836 2080 1879 „eatenus-

226 1899 323 1936 ne“:
367 1899 413 1946 V,
442 1899 477 1945 6,
509 1896 555 1934 14
597 1898 839 1935 allevandum
883 1900 942 1934 est
978 1900 1147 1944 eatenus,
1182 1908 1228 1933 ne
1257 1898 1370 1944 plaga
1398 1897 1545 1943 corpori
1574 1897 1704 1934 matris
1730 1898 1949 1945 applicetur.
2003 1899 2077 1935 Pro

228 1964 426 2012 „ita-ne“
458 1964 601 2000 duobus
629 1963 723 2000 locis
752 1963 958 2010 reperitur:
992 1963 1102 2010 „ita,
1132 1966 1179 2000 ut
1206 1963 1302 2000 ne“:
1332 1963 1397 2009 VI,
1428 1962 1462 2009 9,
1483 1961 1506 1999 2
1534 1964 1656 1999 taleas
1685 1964 1841 2000 recidito
1870 1963 1934 2010 ita,
1963 1966 2005 2000 ut
2031 1975 2078 2000 ne

225 2031 404 2067 corticem
432 2030 575 2066 laedas.
629 2029 720 2076 XII,
749 2029 810 2075 52,
840 2028 862 2064 4
905 2039 1044 2065 cannas
1074 2029 1202 2065 inicito
1230 2029 1295 2075 ita,
1333 2032 1374 2065 ut
1400 2040 1447 2065 ne
1485 2029 1616 2065 bacam
1644 2029 1902 2066 transmittere
1930 2032 2078 2075 queant.

410 2095 605 2133 Particula
627 2094 716 2142 „ut“
749 2094 899 2141 saepius
929 2106 975 2132 ex
1003 2098 1209 2142 praeeunte
1237 2094 1423 2141 particula
1454 2107 1499 2141 „n
1513 2096 1555 2132 e“
1587 2096 1796 2141 supplenda
1823 2098 1900 2132 est:
1929 2095 1960 2141 Ι,
1977 2097 2011 2141 8,
2031 2095 2076 2131 13

222 2173 269 2199 ne
290 2162 378 2208 quid
399 2172 441 2198 se
459 2164 568 2208 putet
595 2161 693 2198 scire
722 2163 951 2206 quaeratque
980 2171 1129 2207 semper
1156 2159 1365 2198 addiscere.
1408 2160 1454 2209 cf,
1484 2160 1535 2209 II,
1566 2159 1625 2209 17,
1657 2159 1696 2208 1,
1725 2161 1770 2209 V,
1796 2163 1826 2209 1,
1845 2161 1890 2209 4,
1920 2161 1964 2209 V,
1985 2160 2019 2209 5,
2040 2161 2078 2198 4.

412 2228 548 2276 „Nec“
592 2239 659 2275 pro
691 2227 852 2275 „neve“
892 2229 1215 2274 praecedente
1247 2230 1318 2275 „ut
1353 2227 1520 2264 finali“
1566 2228 1659 2265 satis
1688 2228 1864 2274 frequens
1894 2231 1952 2266 est
1979 2230 2077 2275 apud

223 2295 468 2332 Columellam
497 2298 539 2333 ut
566 2296 666 2342 apud
694 2294 893 2340 aequales:
925 2294 955 2341 I,
976 2296 1010 2341 6,
1033 2295 1081 2331 22
1110 2294 1307 2340 plurimum
1336 2294 1453 2332 refert
1482 2318 1528 2321 —
1558 2295 1710 2332 assiduo
1738 2296 1863 2332 fimum
1892 2295 2076 2331 macerari

220 2362 380 2408 liquore,
409 2364 451 2398 ut
479 2361 672 2407 spinarum
701 2361 764 2397 vel
791 2360 1003 2407 graminum
1033 2359 1177 2396 semina
1205 2360 1394 2397 intereant
1421 2371 1490 2397 nec
1519 2363 1670 2408 segetes
1699 2360 1876 2398 herbidas
1904 2361 2075 2397 reddant.

220 2427 252 2475 I,
281 2425 317 2475 8,
346 2428 388 2475 6,
416 2427 467 2474 ΙΙ,
496 2426 532 2474 4,
563 2424 627 2474 10,
655 2427 707 2475 ΙΙ,
740 2428 797 2475 17,
830 2425 867 2474 1,
896 2426 963 2473 IV,
996 2424 1055 2472 10,
1086 2427 1128 2473 2,
1157 2426 1224 2473 IV,
1255 2425 1313 2473 16,
1341 2426 1384 2474 4,
1414 2427 1483 2474 ΙΧ,
1515 2426 1573 2474 14,
1603 2428 1644 2475 3,
1673 2427 1763 2474 XII,
1792 2426 1853 2474 47,
1882 2425 1905 2463 2
1934 2427 1983 2463 al.

406 2493 622 2530 Insolenter
649 2492 859 2530 Columella
903 2495 975 2539 „et
1002 2492 1112 2529 non“
1152 2492 1322 2529 adhibuit
1362 2504 1428 2539 pro
1460 2493 1619 2539 „neve“
1651 2495 1857 2539 praeeunte
1889 2492 1981 2538 „ut“
2013 2493 2075 2529 vel

222 2561 291 2606 „ut
330 2558 430 2595 ne“:
474 2558 540 2605 VI,
571 2559 631 2606 23,
663 2557 681 2594 1
724 2559 876 2596 stabula
910 2560 1085 2605 spectent
1112 2559 1160 2595 ad
1189 2559 1394 2606 meridiem,
1435 2560 1477 2595 ut
1504 2558 1616 2595 facile
1645 2558 1834 2596 siccentur
1862 2560 1900 2595 et
1927 2557 2075 2606 frigidis

391 2710 416 2748 ¹)
440 2711 502 2740 CIr.
529 2711 581 2740 Ph.
607 2711 791 2740 Thielmann
815 2713 831 2741 Ι.
858 2712 876 2741 1.
902 2720 969 2750 pag.
996 2714 1031 2740 85
1052 2719 1099 2748 sq.
