2290 3102
1040 241 1295 279 -48-

234 349 300 387 siti
328 372 374 376 —
406 349 473 399 VI,
503 349 539 399 2,
570 349 617 388 12
646 349 773 387 inedia
801 351 840 387 et
867 349 942 387 siti.
988 349 1055 397 VI,
1083 351 1119 396 6,
1147 349 1172 386 4
1200 350 1232 387 si
1269 360 1339 388 nee
1380 350 1450 388 hoc
1482 349 1624 397 profuit
1652 372 1699 376 —
1727 350 1791 388 ubi
1823 361 1881 388 nev
1898 351 1993 388 haec
2020 363 2093 389 me—

234 416 361 452 dicina
388 416 586 462 processit.
632 416 697 462 VI,
728 414 787 461 13,
822 417 835 450 1
868 416 1055 451 candente
1084 415 1164 451 sole
1193 436 1240 440 —
1276 415 1341 461 VI,
1376 414 1432 461 13,
1469 414 1492 451 3
1534 416 1614 452 sole
1653 415 1837 453 fervente.
1886 416 1950 463 VI,
1980 414 2040 464 30,
2070 417 2094 453 5

234 493 335 519 vena
361 482 594 519 rescinditur
622 504 667 508 —
698 481 764 527 VI,
794 480 855 526 30,
884 482 908 516 6
937 492 1055 517 venae
1090 481 1298 516 solvuntur.
1354 481 1441 526 VII,
1484 481 1518 526 5,
1561 483 1585 516 3
1627 482 1804 518 convenit
1835 503 1877 506 —
1908 482 2093 518 conducit.

234 546 321 593 VII,
343 544 378 594 6,
410 546 429 583 1
460 546 653 593 caprinum
681 556 794 593 pecus
823 556 892 583 nee
921 546 1057 582 rubosa
1085 548 1262 583 versatur
1288 556 1358 582 nec
1386 545 1562 592 vepribus
1592 546 1792 583 offenditur
1819 549 1858 583 et
1884 547 2095 585 arbusculis

236 633 282 636 —
324 612 487 648 maxime
528 613 678 658 gaudet.
732 611 819 658 VII,
859 610 919 657 10,
960 610 983 646 2
1025 611 1247 657 sanguinem
1288 610 1438 647 mittere
1471 631 1515 635 —
1553 611 1775 658 sanguinem
1817 612 2017 650 detrahere
2050 633 2093 637 ——

233 689 370 716 venam
410 677 540 716 ferire.
586 677 673 725 VII,
704 676 763 724 12,
797 676 838 714 11
883 676 1103 723 permittere
1135 699 1180 702 —
1211 677 1429 714 concedere.
1479 678 1585 724 VIII,
1621 680 1656 726 5,
1696 678 1715 715 1
1746 678 1851 727 (ova)
1879 691 2013 725 parere
2044 700 2089 704 —

234 745 360 781 edere.
392 743 498 790 VIII,
534 745 589 790 17,
620 742 669 780 10
697 743 811 779 maris
839 742 984 779 atrocia
1016 764 1059 767 —
1089 742 1216 789 pelagi
1243 742 1435 779 violentia.
1475 743 1543 790 IX,
1568 744 1608 791 9,
1638 745 1661 781 5
1691 747 1869 791 tanquam
1899 766 1945 770 —
1974 744 2090 791 quasi.

233 810 303 858 IX,
333 809 368 858 9,
398 808 420 848 6
449 810 559 848 unius
589 809 811 847 dissidentis
840 810 902 847 vel
930 810 1087 846 duorum
1107 809 1403 846 discordantium
1424 810 1647 847 examinum.
1682 812 1752 857 IX,
1784 811 1843 857 10,
1878 814 1893 847 1
1925 812 2091 856 spiculus

235 899 281 902 —
300 877 467 914 aculeus.
496 875 567 923 XI,
585 876 619 922 2,
648 874 672 911 8
700 886 812 922 agros
840 873 1083 921 proscindere
1100 896 1144 900 —
1167 884 1377 922 vervagere
1399 897 1440 900 -—
1462 887 1583 913 arare.
1621 876 1689 924 XI,
1719 875 1754 924 2,
1783 875 1832 914 30
1860 876 2092 914 dixerunt—

234 945 510 988 praeceperunt
548 965 593 969 —
625 944 863 978 censuerunt.
904 941 974 985 XI,
1003 940 1038 985 3,
1071 940 1117 975 14
1145 941 1288 976 dixisse
1318 963 1363 966 —
1394 943 1669 986 praecipiamus
1700 963 1730 965 —
1766 944 1992 986 loquendum
2021 946 2091 977 est.

234 1006 281 1045 ef.
310 1006 380 1055 XI,
409 1007 446 1055 3,
480 1005 536 1044 19.
592 1006 662 1055 XI,
691 1004 727 1054 2,
756 1003 804 1044 67
833 1005 1023 1045 vidissent
1051 1028 1096 1032 —
1128 1005 1492 1045 animadvertissent
1519 1030 1565 1034 —
1597 1006 1913 1046 considerassent.
1956 1008 2025 1046 XI.
2056 1007 2090 1055 3,

234 1075 257 1110 5
286 1074 437 1111 funibus
468 1094 514 1098 -—
545 1074 710 1109 restibus
742 1094 787 1097 —
817 1073 984 1108 funiculi.
1013 1073 1102 1118 XII,
1133 1071 1193 1117 46,
1224 1072 1246 1108 3
1289 1073 1527 1109 administari
1569 1074 1711 1109 debent
1754 1094 1799 1097 —
1840 1073 2016 1109 facienda
2045 1095 2090 1098 —

233 1139 450 1186 usurpanda
478 1141 575 1175 sunt.
606 1137 717 1186 XIII,
750 1136 772 1174 4
802 1138 825 1174 2
852 1138 965 1175 vinea
999 1149 1090 1185 agro
1126 1138 1277 1184 ponitur
1308 1161 1351 1164 ἥ·
1388 1139 1503 1176 sulcis
1540 1138 1785 1176 committitur
1818 1160 1858 1164 —
1897 1139 2091 1176 scrobibus

234 1205 444 1251 deponitur.

420 1269 505 1306 Non
532 1268 760 1306 mediocrem
789 1281 915 1307 curam
944 1269 1105 1316 scriptor
1133 1273 1262 1306 noster
1289 1269 1445 1306 adhibet
1473 1270 1510 1306 in
1538 1270 1783 1306 variandis
1813 1281 1921 1316 pron
1939 1271 2092 1307 omini-

234 1337 319 1373 bus
353 1335 657 1381 indefinitis,
695 1346 790 1380 quae
820 1338 907 1371 sunt
931 1335 1105 1381 „aliqui“,
1135 1334 1348 1381 ‚,quidai11“,
1377 1335 1505 1381 „alii“,
1527 1339 1619 1372 cet:
1654 1335 1715 1382 IV,
1742 1335 1775 1382 3,
1812 1337 1905 1372 lai}
1923 1336 2091 1383 plerique

236 1424 281 1427 —
311 1401 463 1447 quidam
492 1424 537 1427 —
568 1400 739 1438 nonnulli
771 1423 814 1425 —
844 1401 995 1446 quidam
1026 1423 1069 1426 —
1102 1400 1208 1436 multi
1240 1422 1283 1425 —
1313 1401 1378 1436 alii
1409 1423 1452 1426 —
1477 1401 1646 1437 nonnulli
1675 1422 1723 1425 ἃ
1742 1401 1901 1447 plurimi.
1932 1402 1997 1448 IV,
2026 1401 2087 1448 21,

231 1469 255 1503 3
282 1467 455 1514 policem,
485 1478 594 1513 quem
622 1466 773 1512 quidam
802 1467 1008 1513 custodem,
1038 1466 1104 1502 alii
1142 1476 1321 1512 resecem,
1356 1465 1525 1503 nonnulli
1566 1466 1856 1512 praesidiarium
1884 1468 2088 1513 appellant.

231 1534 297 1579 IV,
319 1532 378 1569 29.
399 1532 449 1569 10
463 1532 529 1568 alii
549 1552 593 1556 —
611 1532 782 1568 nonnulli
806 1552 849 1555 —
867 1532 1028 1577 plurimi.
1062 1532 1124 1578 VI,
1142 1530 1176 1577 4,
1194 1532 1217 1567 2
1237 1530 1308 1568 et3
1325 1531 1433 1568 multi
1449 1553 1494 1557 —
1513 1531 1663 1577 quidam
1680 1554 1725 1558 —
1743 1532 1893 1578 quidam
1911 1533 2026 1570 —alii
2042 1556 2088 1559 —

234 1599 301 1636 alii
318 1619 363 1623 —
387 1597 495 1634 multi
516 1619 562 1623 —
580 1597 761 1634 nonnulli.
790 1597 899 1644 VIII,
919 1596 953 1644 6,
977 1596 995 1634 1
1027 1597 1178 1643 quidam
1208 1619 1251 1622 —
1289 1597 1461 1634 nonnulli
1489 1618 1537 1623 —
1565 1598 1672 1634 multi
1704 1619 1748 1623 ——
1778 1598 1853 1634 alii.
1881 1599 1947 1645 VI,
1977 1598 2037 1645 36,
2067 1599 2090 1635 3

232 1663 341 1701 multi
371 1684 416 1688 —
447 1662 599 1708 quidam
629 1683 675 1686 ——
705 1662 832 1708 aliqui.
862 1662 952 1709 XII,
989 1662 1052 1709 44,
1081 1662 1104 1699 4
1124 1662 1284 1708 ¹quidam
1316 1683 1359 1687 —
1389 1662 1560 1700 nonnulli
1590 1684 1635 1687 —
1665 1662 1731 1700 alii
1769 1663 1814 1700 cf.
1844 1663 1935 1711 XII,
1962 1663 2024 1711 46,
2053 1662 2088 1701 2.

229 1729 321 1777 XII,
354 1728 411 1776 16,
440 1728 463 1765 3
493 1729 644 1775 quidam
673 1750 720 1754 —
750 1728 816 1765 alii
849 1751 891 1754 —
922 1728 1091 1765 nonnulli
1117 1750 1160 1753 —
1180 1731 1267 1765 sunt
1303 1729 1377 1773 qui.
1406 1728 1497 1774 XII,
1519 1727 1580 1774 50,
1603 1728 1625 1764 3
1650 1729 1818 1774 plerique
1843 1751 1887 1755 —
1909 1730 2025 1775 aliqui
2042 1752 2087 1755 ψ-

237 1795 400 1840 quidam.
430 1794 502 1841 III,
533 1795 566 1841 7,
597 1793 620 1831 3
648 1793 800 1841 plurimi
828 1815 876 1819 —
905 1793 1012 1830 multi
1043 1815 1086 1818 -—
1118 1793 1268 1839 quidam
1298 1816 1337 1819 —
1374 1794 1554 1831 nonnulli.

1112 1883 1132 1927 ξ
1161 1884 1222 1919 65.

442 1963 578 2002 Omnia
604 1964 710 2011 haec,
740 1974 835 2009 quae
871 1962 1256 2009 commemoravimus,
1299 1963 1505 2000 variandae
1548 1963 1728 2001 orationis
1757 1975 1909 2011 genera,
1953 1965 2087 2011 quippe

229 2041 313 2066 cum
342 2030 526 2066 sermonis
556 2029 784 2066 suavitatem
813 2038 1041 2075 magnopere
1069 2030 1244 2074 augeant,
1274 2028 1347 2063 iam
1376 2029 1473 2074 apud
1516 2028 1659 2074 priscos
1689 2033 1727 2065 et
1767 2029 1925 2076 optimos
1974 2031 2089 2077 scrip-

230 2098 334 2133 tores
363 2094 617 2133 inveniuutur.
642 2096 668 2140 ¹)
714 2096 766 2131 At
805 2105 887 2131 cum
929 2094 968 2130 hi
1010 2093 1215 2139 scriptores
1256 2093 1497 2130 nihilominus
1539 2094 1825 2132 consuevissent
1866 2097 2090 2142 praesertim

229 2161 503 2200 sententiarum
531 2161 701 2199 membra
728 2161 828 2198 inter
855 2172 897 2198 se
924 2160 1053 2197 iuncta
1081 2163 1119 2197 et
1146 2160 1415 2206 respondentia
1434 2161 1644 2206 aequaliter
1672 2164 1709 2198 et
1736 2165 1987 2209 congruenter
2028 2175 2090 2200 ex-

229 2227 405 2274 primere,
434 2227 522 2264 inde
563 2239 587 2264 a
627 2226 738 2264 Livio
779 2226 1007 2263 contrarium
1036 2226 1201 2262 studium
1231 2225 1350 2272 magis
1385 2226 1576 2273 magisque
1605 2228 1837 2275 praevaluit;
1868 2228 1972 2265 culus
2001 2240 2086 2266 con-

228 2293 439 2330 suetudinis
468 2293 679 2330 Columella
724 2303 870 2338 quoque
898 2293 997 2329 haud
1025 2303 1145 2338 pauca
1172 2292 1329 2337 praebet
1348 2293 1530 2338 exempla.
1560 2293 1621 2329 Ita
1647 2295 1745 2340 apud
1766 2294 1886 2340 ipsum
1914 2295 2086 2332 variant:

420 2359 455 2406 1)
483 2358 757 2407 Singularis
787 2361 834 2396 et
860 2358 1071 2405 pluralis
1101 2368 1336 2395 numerus:
1368 2359 1396 2405 Ι,
1426 2358 1460 2406 8,
1490 2357 1513 2395 2
1541 2370 1659 2406 genus
1689 2360 1956 2406 mancipiorum
1985 2361 2088 2408 otiis,

228 2436 371 2471 camp0,
401 2425 512 2471 circo,
540 2425 713 2472 theatris,
743 2425 864 2470 aleae,
894 2424 1067 2470 popinae,
1085 2423 1330 2469 lupanaribus
1347 2427 1575 2461 consuetum.
1606 2425 1635 2471 I,
1668 2425 1699 2472 1,
1734 2424 1779 2462 18
1807 2425 2012 2462 facultates
2041 2436 2086 2462 ac

228 2491 407 2529 voluntas
435 2490 688 2537 impendendi.
717 2491 747 2537 Ι,
780 2489 811 2537 1,
842 2489 892 2527 20
919 2489 1063 2536 rapinis
1091 2489 1210 2536 magis
1248 2501 1356 2535 quam
1385 2491 1553 2527 culturae
1583 2492 1746 2528 student.
1777 2478 1871 2538 I,'6,
1907 2490 1951 2528 18
1978 2492 2085 2538 ignes

226 2558 506 2601 lucernamque.
534 2556 565 2602 I,
595 2557 629 2602 7,
663 2558 678 2591 1
711 2557 864 2593 avarius
902 2566 993 2601 opus
1032 2555 1163 2601 exigat
1195 2566 1304 2599 quam
1339 2556 1551 2601 pensiones.
1582 2556 1632 2595 ΙΙ,
1664 2557 1697 2603 2,
1730 2556 1776 2593 13
1805 2557 2015 2594 sationibus
2045 2560 2084 2594 et

404 2664 422 2701 ¹)
446 2665 509 2694 Cfr.
535 2666 567 2693 R.
594 2665 689 2699 Klotz,
716 2664 891 2693 Handbuch
915 2665 972 2692 der
994 2664 1045 2691 lat.
1071 2663 1203 2691 Stilistik
1228 2672 1276 2700 pg.
1300 2666 1355 2692 265
1377 2673 1445 2701 sqq.
