2290 3102
1035 249 1287 288 —54—

228 360 295 396 aut
322 358 450 397 ventis
478 359 662 398 lacessita
704 358 897 398 dilabitur.
940 359 1048 407 VIII,
1086 360 1141 408 14,
1171 360 1193 399 9
1230 372 1277 398 ne
1304 361 1435 408 vipera
1473 362 1643 409 felesque
1671 365 1737 399 aut
1764 363 1878 399 etiam
1907 364 2086 400 mustella

228 424 350 471 possit
377 425 558 471 aspirare.
587 435 638 462 ve
666 445 714 451 —-
744 427 808 461 et:
836 425 909 472 ΙΙΙ,
938 424 999 472 21,
1031 424 1076 462 11
1105 426 1301 464 cacumina
1326 426 1480 465 ficorum
1506 427 1721 475 pirorumve
1748 429 1788 465 et
1816 427 2009 466 malorum.

416 489 481 537 25)
508 491 706 529 Postremo
734 501 879 538 moneo,
909 491 1155 529 Columellam
1183 493 1315 530 crebro
1343 504 1566 539 componere
1608 493 1813 539 particulas
1842 494 2091 540 copulati-

228 566 310 595 vas
340 556 419 605 (vel
446 556 789 605 disiunctivas)
818 558 865 595 et
892 557 1181 605 asyndeton:
1224 558 1335 606 XIII,
1365 559 1425 607 20,
1463 557 1486 597 2
1514 566 1556 598 ut
1592 571 1615 596 a
1642 559 1835 607 superiore
1864 562 1903 597 et
1929 560 2087 598 sicciore

227 626 268 660 et
286 624 446 660 exiliore
466 624 506 660 in
534 623 755 670 planiorem,
784 622 1034 670 humiliorem,
1063 624 1297 671 pinguiorem
1315 635 1447 673 agrum
1461 625 1682 663 transferas.
1710 624 1801 671 XII,
1830 623 1865 673 7,
1895 625 1917 662 2
1945 624 1979 663 si
1998 624 2088 663 vitis

227 689 327 737 alba,
355 700 489 727 ruscus
518 691 558 728 et
583 682 751 727 tamnum
779 692 818 726 et
845 700 1067 736 asparagus,
1096 690 1260 736 lapsana
1290 694 1328 727 et
1356 691 1553 737 pastinaca
1594 695 1634 728 et
1660 694 1799 737 nepeta
1826 694 1865 727 et
1908 691 2024 727 battis
2052 691 2090 728 in

227 755 359 793 alveos
388 756 671 802 componuntur.
717 754 748 801 I,
777 753 812 801 3,
841 753 864 791 6
893 753 1060 791 Achaios
1089 755 1172 792 dico
1201 758 1240 792 et
1267 756 1442 803 Hiberos,
1481 757 1649 794 Albanos
1678 767 1824 802 quoque
1861 767 1931 794 nec
1968 756 2088 793 minus

227 820 375 858 Siculos
403 822 443 857 et
470 820 667 867 Pelasgos,
697 819 948 866 Aborigenes,
978 821 1160 857 Arcadas.
1189 821 1219 868 I,
1249 823 1283 868 8,
1314 821 1336 858 9
1366 833 1460 867 quae
1490 826 1625 859 cuncta
1651 822 1899 868 prohibentur
1926 822 2087 868 pellibus

226 885 439 934 manicatis,
468 885 691 924 centonibus
720 885 903 923 confectis
932 886 995 923 vel
1025 886 1128 933 sagis
1157 887 1327 925 cucullis.
1358 888 1424 935 VI,
1456 887 1514 935 15,
1543 886 1566 925 2
1596 887 1833 935 suffragines,
1863 898 2025 925 coronae
2045 899 2090 924 ac

227 952 433 991 discrimen
462 953 595 1000 ipsum.

1058 1019 1184 1072 caput
1209 1020 1267 1063 lv.

525 1106 608 1172 De
652 1107 927 1171 sermonis
965 1108 1332 1173 abundantia
1383 1109 1442 1172 et
1484 1107 1784 1172 brevitate.

822 1220 858 1267 l)
885 1219 949 1260 De
974 1219 1189 1260 sermonis
1215 1219 1492 1260 abundantia.

414 1288 674 1337 Columellam,
704 1290 808 1327 cuius
838 1301 971 1328 munus
1000 1292 1106 1327 esset
1132 1291 1281 1337 docere,
1310 1289 1471 1336 simplici
1500 1293 1538 1327 et
1553 1289 1749 1336 perspicuo
1778 1288 1927 1325 dicendi
1947 1299 2088 1336 genere

227 1354 282 1391 uti
310 1354 472 1392 maxime
500 1356 693 1394 studuisse
722 1356 794 1393 iam
824 1368 939 1403 supra
967 1356 1192 1403 monuimus3
1222 1367 1338 1401 quare
1366 1356 1401 1392 ei
1430 1367 1476 1392 ne
1504 1359 1627 1392 tumor
1644 1355 1792 1402 quidem
1821 1355 1887 1398 ille
1915 1353 2086 1401 proprius

227 1422 298 1467 est,
327 1431 399 1467 quo
428 1421 547 1458 verba
574 1421 685 1459 nimis
720 1423 969 1459 cumulantur.
999 1422 1099 1459 Sane
1136 1422 1370 1459 abundantia
1404 1423 1587 1468 quaedam
1621 1421 1819 1459 verborum
1863 1421 1960 1457 haud
2002 1431 2087 1456 raro

227 1485 432 1534 invenitur,
462 1498 508 1524 ea
535 1490 674 1535 tamen,
705 1498 815 1534 quam
844 1488 958 1526 etiam
988 1487 1120 1535 optimi
1149 1487 1353 1535 scriptores
1374 1487 1588 1534 admittunt,
1618 1487 1753 1533 quippe
1782 1497 1877 1532 quae
1906 1484 2087 1522 orationis

227 1552 414 1589 laetitiam
434 1554 548 1590 valde
568 1557 724 1600 augeat3
755 1554 837 1590 veri
866 1555 991 1590 autem
1022 1554 1244 1600 pleonasmi,
1274 1554 1337 1599 qui
1366 1555 1558 1598 vocantur,
1588 1553 1620 1588 si
1649 1552 1773 1598 operis
1802 1551 2090 1597 amplitudinem

228 1617 424 1665 respicias,
454 1629 540 1656 raro
569 1622 781 1656 occurrunt.

1110 1691 1130 1736 ξ
1159 1689 1230 1727 65.·

416 1760 582 1797 Primum
601 1761 724 1798 locum
743 1764 874 1798 teneat
901 1761 1204 1798 abundantia
1233 1772 1317 1807 per
1352 1770 1713 1807 synonymorum
1743 1758 2092 1805 copulationem

230 1825 425 1863 effecta.

417 1893 455 1938 a)
485 1893 567 1930 Huc
592 1896 767 1940 spectant
795 1905 842 1930 ex
884 1893 1294 1930 substantivorum
1336 1903 1499 1939 genere:
1529 1903 1595 1928 aes
1624 1895 1663 1928 et
1689 1893 1888 1938 argentum
1918 1890 2025 1936 VIII,
2055 1892 2090 1936 8,

235 1957 290 1995 10.
318 1957 462 1996 amicus
490 1958 766 2006 familiarisque
796 1960 825 2006 I,
855 1959 889 2007 8,
921 1961 952 1997 7.
981 1971 1088 1997 arma
1115 1970 1159 1997 ae
1187 1959 1267 1997 tela
1285 1958 1375 2007 XII,
1405 1957 1439 1996 3.
1471 1958 1501 1996 1.
1529 1961 1641 2005 caput
1674 1961 1713 1995 et
1745 1958 1917 1995 columen
1955 1957 2027 2004 III,
2056 1956 2093 2004 4,

230 2024 265 2062 3.
294 2036 391 2062 cava.
418 2028 457 2062 et
483 2026 655 2063 latebrae
683 2028 713 2073 Ι,
743 2029 778 2073 6,
809 2026 868 2063 13.
897 2028 1020 2063 cultus
1041 2029 1080 2062 et
1107 2026 1335 2072 agitationes
1355 2035 1529 2072 agrorum
1557 2025 1607 2071 II,
1640 2023 1672 2070 1,
1702 2023 1736 2060 4.
1758 2023 1956 2070 dispositio
1976 2024 2088 2069 atque

230 2091 322 2128 ordo
346 2090 439 2138 XII,
467 2089 503 2137 2,
532 2090 568 2128 4.
596 2091 798 2129 familiaris
826 2091 931 2129 focus
960 2102 1165 2137 mensaque
1194 2091 1301 2137 VIII,
1336 2093 1365 2137 1,
1394 2090 1429 2127 2.
1463 2090 1567 2128 fluvii
1591 2090 1737 2136 rivique
1761 2090 1823 2135 VI,
1840 2087 1900 2135 22,
1932 2087 1963 2125 1.
1991 2088 2090 2135 ignis

228 2158 268 2194 et
293 2156 510 2194 incendium
537 2157 589 2205 ΙΙ,
621 2156 680 2205 18,
713 2159 742 2195 1.
772 2158 880 2196 labor
907 2161 946 2196 et
972 2169 1064 2205 opus
1093 2157 1160 2204 VI,
1188 2154 1250 2203 22,
1281 2156 1313 2194 1.
1342 2156 1502 2194 lascivia
1529 2159 1567 2194 et
1594 2155 1773 2193 alacrItas
1794 2154 1860 2201 VI,
1886 2152 1947 2201 29,
1981 2153 2011 2191 1.
2041 2153 2089 2190 lis

229 2223 511 2270 disputatioque
538 2223 611 2271 III,
646 2222 702 2271 13,
731 2222 788 2261 11.
817 2224 922 2260 lusus
951 2234 995 2260 ac
1031 2222 1193 2260 lascivia
1220 2222 1306 2269 VlI,
1351 2221 1409 2270 12,
1441 2220 1499 2260 12.
1528 2224 1651 2260 mater
1677 2232 1722 2259 ae
1748 2230 1887 2268 parens
1927 2220 1999 2268 III,
2033 2220 2089 2267 10,

230 2290 289 2328 11.
308 2290 518 2328 moderatio
539 2293 653 2336 atque
676 2292 1016 2336 temperamentum
1036 2289 1126 2335 XII,
1156 2288 1191 2335 6,
1217 2290 1246 2325 1.
1268 2290 1397 2325 modus
1418 2299 1668 2334 mensuraque
1687 2289 1718 2335 I,
1743 2288 1779 2334 3,
1809 2286 1843 2324 8.
1871 2289 1953 2323 tota
1971 2286 2090 2323 moles

229 2356 397 2405 corporis
424 2359 620 2403 totumque
647 2356 793 2404 pondus
823 2354 874 2402 II,
904 2355 939 2402 2,
970 2355 1030 2392 23.
1060 2354 1210 2392 morbus
1239 2364 1283 2391 ac
1310 2354 1429 2401 pestis
1458 2354 1545 2400 VII,
1574 2356 1609 2401 5,
1643 2356 1698 2391 19.
1718 2352 1964 2400 neglegentia
1993 2352 2091 2389 desi-

230 2424 343 2461 diave
370 2423 462 2470 XII,
490 2424 526 2469 3,
555 2423 591 2459 5.
618 2422 736 2459 otium
764 2423 803 2457 et
830 2419 970 2456 inertia
999 2418 1019 2455 1
1050 2418 1166 2465 praef.
1195 2418 1253 2456 29.
1276 2419 1458 2466 primores
1487 2421 1601 2466 atque
1628 2418 1831 2466 optimates
1860 2416 1951 2465 XII,
1980 2415 2015 2465 3,
2036 2415 2093 2455 10.

230 2489 337 2537 quies
365 2500 410 2527 ac
437 2500 590 2527 somnus
617 2489 648 2536 I,
677 2486 713 2535 8,
743 2486 802 2525 11.
831 2486 937 2533 regio
967 2488 1006 2523 et
1033 2484 1237 2522 declinatio
1266 2486 1394 2523 mundi
1422 2486 1493 2533 III,
1525 2485 1558 2532 1,
1589 2486 1625 2522 3.
1653 2485 1778 2532 pulvis
1810 2487 1849 2522 et
1868 2483 1964 2520 cinis
1982 2483 2091 2530 VIII,

230 2555 266 2602 4,
294 2555 329 2591 4.
357 2557 464 2592 secta
489 2555 627 2600 lexque
656 2555 707 2600 ΙΙ,
736 2552 772 2600 2,
802 2552 860 2589 21.
889 2550 1050 2588 semitae
1078 2550 1292 2596 limitesque
1320 2551 1350 2598 Ι,
1379 2549 1414 2598 8,
1445 2552 1478 2587 7.
1507 2550 1672 2588 societas
1720 2552 1833 2597 atque
1879 2547 2092 2586 coniunctio

231 2622 285 2659 VI
312 2621 432 2669 praef.
463 2622 495 2659 2.
529 2621 632 2659 ultor
657 2632 703 2658 ac
729 2619 871 2658 vindex
913 2617 1000 2664 VII,
1050 2615 1105 2664 12,
1141 2618 1171 2654 1.
1214 2628 1302 2655 usus
1331 2620 1369 2655 et
1410 2617 1648 2664 experientia
1674 2617 1704 2664 Ι,
1751 2615 1784 2664 1,
1817 2615 1875 2654 16.
1918 2615 2027 2663 vigor
2055 2617 2096 2652 et

231 2688 413 2727 alacritas
442 2687 560 2726 animi
586 2686 658 2736 X1,
689 2686 725 2735 1,
758 2686 814 2723 17.
