2290 3102
1035 274 1084 280 ..
1138 227 1205 291 66
1243 273 1291 280 ,-

227 374 288 403 me
317 362 532 402 custodisse
558 372 635 401 non
661 361 845 410 poenitet.
899 362 996 402 Non
1021 362 1305 411 praeterire:
1338 360 1359 401 1
1387 362 1507 411 praef.
1536 361 1586 401 28
1613 374 1689 402 non
1715 374 1775 402 me
1801 363 1987 411 praeterit
2012 365 2088 402 tar-

227 431 357 467 datum
383 429 431 466 iri
458 428 594 466 studia.
647 428 732 465 Non
759 438 956 465 recusare:
985 429 1037 475 ΙΙ,
1067 428 1101 475 1,
1134 430 1150 465 1
1181 429 1263 466 sine
1292 429 1531 467 cunctatione
1550 439 1625 467 non
1643 439 1776 467 recuso
1796 430 1944 467 docere.
1983 429 2090 467 Non

227 505 462 543 spernere:
502 493 611 541 VIII,
639 491 675 541 2,
704 492 728 529 4
755 504 829 531 non
859 495 1093 540 spernendus
1122 496 1183 531 est
1209 494 1364 531 reditus.
1405 494 1435 540 I,
1470 496 1500 541 1,
1530 494 1553 531 4
1590 505 1665 532 11011
1693 495 1927 542 spernendus
1955 486 2102 532 auctor'

226 561 284 601 rei
311 560 478 600 rusticae
505 560 683 599 Saserna.

1106 644 1126 693 §
1153 643 1215 683 75.

916 732 993 774 De
1020 734 1400 775 translatione.

415 821 716 868 Translationes,
746 832 842 867 quae
870 824 912 859 ut
938 824 1037 870 apud
1072 823 1168 861 alios
1197 824 1413 871 scriptores,
1452 822 1506 860 ita
1538 823 1636 870 apud
1666 822 1914 861 Columellam
1942 833 2086 869 quoque

226 889 446 937 plerumque
492 888 621 927 verbis
667 887 825 925 effectae
867 891 966 936 sunt,
1014 890 1178 927 maxima
1219 901 1266 927 ex
1306 893 1413 936 parte
1443 901 1524 926 eam
1553 889 1719 936 speciem
1746 894 1893 936 gerunt,
1936 892 2084 926 utres

224 954 469 992 inanimae
497 953 746 991 animatae
776 964 861 991 esse
890 954 1103 992 videantur.

410 1020 472 1057 Ita
504 1029 690 1066 persaepe
730 1020 858 1067 verba,
896 1031 992 1066 quae
1034 1021 1252 1068 ,1110111111ιι
1284 1021 1509 1069 significant,
1551 1022 1599 1058 ad
1640 1031 1701 1058 res
1735 1020 1921 1058 inanimas
1963 1022 2083 1057 trans-

222 1087 411 1124 feruntur:
444 1086 475 1133 I,
504 1084 540 1132 2,
569 1087 593 1123 5
620 1085 695 1122 rivi
723 1086 970 1123 decurrentes
993 1108 1038 1112 —-
1070 1097 1190 1132 aquae
1219 1087 1413 1124 salientes.
1442 1087 1473 1134 I,
1502 1088 1536 1133 5,
1567 1085 1590 1123 3
1619 1098 1717 1133 aqua
1743 1086 1852 1133 repit.
1882 1086 1934 1133 II,
1966 1084 2026 1130 16,
2056 1087 2079 1122 5

225 1152 359 1190 humor
384 1151 563 1198 prorepit.
590 1150 658 1198 IV,
689 1151 746 1198 12,
765 1152 788 1187 2
808 1162 1016 1198 prorepens
1043 1153 1254 1199 pampinus.
1283 1153 1352 1200 XI,
1371 1151 1406 1200 2,
1422 1154 1471 1190 38
1499 1155 1746 1199 prorepentes
1774 1153 1949 1189 arborum
1977 1151 2085 1188 oculi.

222 1217 291 1265 IV,
320 1216 355 1265 3,
385 1217 409 1254 3
437 1217 579 1254 herbae
607 1216 833 1264 irrepentes.
863 1217 915 1265 ΙΙ,
944 1216 979 1265 2,
1012 1216 1032 1255 1
1055 1218 1163 1256 collis
1192 1219 1401 1256 clementer
1428 1222 1467 1256 et
1494 1218 1660 1256 molliter
1679 1228 1895 1265 assurgens.
1917 1217 1990 1264 ΙΙΙ,
2022 1215 2080 1263 17,

225 1285 247 1322 7
276 1283 367 1322 vitis
410 1283 536 1331 amplo
577 1283 811 1321 incremento
855 1284 1059 1332 consurgit.
1102 1285 1154 1332 II,
1183 1286 1217 1332 8,
1248 1284 1271 1322 4
1299 1285 1481 1323 sementis
1523 1296 1594 1322 uno
1636 1285 1698 1322 die
1731 1284 1861 1331 surgit.
1890 1283 1957 1330 IV,
1986 1281 2021 1330 7,
2050 1280 2074 1319 2

223 1350 344 1396 serpit
370 1350 524 1396 vaporis
553 1350 748 1386 violentia.
778 1350 829 1396 II,
862 1348 920 1395 17,
951 1348 973 1386 6
1002 1350 1151 1386 radices
1186 1353 1354 1396 serpunt.
1383 1350 1474 1396 XII,
1504 1348 1565 1397 47,
1594 1348 1617 1386 2
1646 1349 1740 1386 vitia
1769 1351 1935 1395 serpunt.
1965 1347 2077 1394 XIII,

220 1414 259 1464 6,
288 1414 309 1453 1
339 1426 485 1454 summa
512 1417 621 1462 parte
649 1417 776 1453 terrae
803 1417 940 1452 nantes
968 1415 1129 1452 radices.
1174 1415 1219 1462 V,
1249 1414 1284 1462 5,
1314 1416 1337 1453 6
1365 1415 1591 1462 prodeuntia
1623 1415 1826 1452 cacumina.
1868 1415 1934 1462 VI,
1965 1415 2025 1462 27,
2056 1414 2077 1449 7

221 1482 261 1519 in
288 1492 398 1519 sacro
425 1483 553 1519 monte
580 1480 802 1528 Hispaniae,
832 1481 895 1527 qui
922 1481 1110 1528 procurrit
1137 1481 1176 1518 in
1204 1481 1450 1519 occidentem.
1478 1481 1539 1529 VI,
1573 1480 1630 1528 15,
1660 1481 1683 1517 2
1710 1480 1809 1528 ignis
1838 1481 1878 1518 in
1905 1481 2079 1521 favillam

223 1543 372 1585 recidit.
398 1547 466 1595 VI,
497 1546 556 1595 19,
585 1546 609 1583 2
637 1548 915 1584 descendentes
955 1557 1024 1594 per
1050 1546 1236 1584 foramina
1263 1547 1430 1595 regulae.
1460 1547 1506 1595 V,
1535 1548 1570 1595 3,
1599 1547 1623 1584 9
1651 1546 1825 1593 procedit
1857 1547 2074 1595 disputatio.

221 1614 253 1661 I,
282 1615 317 1661 5,
351 1612 397 1651 10
424 1613 637 1655 aedificium
679 1613 787 1659 quasi
828 1613 1000 1660 surgenti
1041 1613 1233 1649 reluctans
1263 1613 1369 1650 oneri
1396 1614 1510 1650 cedit.
1539 1613 1591 1659 ΙΙ,
1619 1611 1655 1659 2,
1687 1612 1733 1649 15
1767 1613 1925 1659 paludes
1954 1614 2074 1651 oculis

221 1681 432 1730 occurrunt.
459 1678 512 1727 II,
534 1676 594 1727 16,
611 1679 635 1716 5
663 1678 772 1726 palus
801 1677 1015 1717 subsidens.
1043 1679 1095 1726 II,
1126 1678 1185 1727 17,
1215 1677 1238 1716 6
1267 1682 1378 1726 prata
1405 1678 1652 1717 subsidentia.
1680 1677 1752 1726 111,
1783 1680 1842 1726 21,
1871 1679 1896 1716 4
1916 1691 2078 1725 quocun-

220 1757 293 1791 que
321 1745 464 1782 domini
492 1744 592 1781 oculi
619 1755 828 1781 accessere.
856 1745 908 1791 II,
937 1743 999 1792 20,
1030 1745 1053 1780 2
1081 1744 1202 1781 maior
1228 1756 1317 1791 pars
1346 1744 1581 1792 (granorum)
1609 1745 1657 1780 ad
1685 1746 1826 1781 terram
1856 1744 1998 1782 defluit.

406 1811 547 1859 Verba,
576 1821 672 1858 quae
699 1810 916 1858 significant
945 1811 1338 1859 „perceptionem“
1368 1811 1431 1849 vel
1461 1810 1780 1858 „commotione
1793 1809 1852 1848 m“
1880 1811 2006 1858 animi,
2036 1807 2097 1848 de·

220 1878 334 1915 rebus
361 1876 539 1916 inanimis
568 1876 809 1924 adhibentur,
839 1877 976 1915 veluti:
1007 1877 1116 1924 VIII,
1146 1877 1181 1924 3,
1216 1875 1258 1913 11
1289 1876 1407 1914 villae
1434 1887 1535 1924 pars,
1575 1887 1670 1923 quae
1706 1878 1856 1923 spectat
1883 1876 2083 1914 orientem.

220 1943 267 1989 V,
296 1943 332 1989 5,
361 1942 384 1979 9
411 1942 570 1979 brachia
596 1941 718 1989 (vitis)
754 1942 901 1978 coelum
930 1941 1131 1988 aspiciunt.
1161 1943 1191 1989 I,
1222 1943 1259 1990 5,
1287 1943 1311 1979 5
1339 1942 1434 1980 villa
1472 1953 1575 1979 mare
1603 1942 1798 1989 conspicit.
1826 1942 1939 1990 XIII,
1970 1941 2031 1990 17,
2060 1941 2084 1979 4

222 2009 449 2046 arbusculae
478 2009 635 2044 easdem
668 2007 765 2044 coeli
791 2010 918 2054 partes
947 2007 1146 2054 aspiciant,
1190 2018 1282 2052 quas
1325 2007 1438 2044 etiam
1480 2007 1518 2044 in
1560 2007 1763 2045 seminario
1793 2008 2082 2054 conspexerant.

220 2074 288 2121 IV,
317 2072 378 2121 26,
408 2072 431 2110 3
459 2073 609 2120 palmae
643 2072 683 2110 in
710 2075 853 2110 terram
881 2072 1107 2119 despiciunt.
1141 2094 1184 2098 ——
1215 2072 1260 2119 V,
1290 2072 1327 2120 9,
1358 2071 1402 2110 18
1430 2075 1512 2110 tota
1539 2073 1652 2111 arbor
1680 2072 1983 2111 contristabitur.
2010 2066 2084 2120 ῙΠ,

219 2137 282 2187 20,
315 2140 330 2176 1
365 2138 455 2176 vitis
484 2137 721 2175 siccitatibus
749 2138 901 2185 gaudet.
915 2137 1027 2186 XIII,
1048 2137 1083 2185 4,
1108 2137 1126 2176 1
1149 2138 1248 2176 vites
1277 2139 1444 2186 gaudent
1471 2138 1680 2177 arboribus.
1709 2139 1740 2187 I,
1770 2139 1805 2187 6,
1835 2137 1884 2176 24
1912 2139 2079 2177 laetatur

221 2204 408 2242 eiusmodi
436 2203 629 2260 alimentis
658 2203 780 2240 arbor.
809 2203 920 2250 XIII,
949 2202 1010 2250 21,
1035 2203 1052 2240 1
1083 2204 1174 2241 ficus
1203 2205 1286 2241 loca
1313 2204 1441 2251 aprica
1469 2207 1580 2241 amat.
1619 2205 1732 2252 XIII,
1763 2205 1796 2253 1,
1827 2204 1849 2242 4
1871 2205 1946 2242 iam
1975 2197 2083 2252 qu'a'si

224 2272 272 2309 ab
303 2270 542 2309 incunabulis
574 2269 662 2309 vitis
689 2269 826 2317 exiguo
855 2272 1054 2308 assuescat
1081 2270 1237 2308 humori.

408 2336 522 2373 Haud
551 2346 637 2373 raro
667 2335 879 2373 Columella
920 2346 982 2373 res
1011 2336 1059 2372 ad
1089 2336 1276 2374 hominem
1318 2336 1547 2375 animaliave
1585 2339 1699 2384 atque
1732 2336 1887 2375 humani
1915 2336 2085 2385 corporis

218 2406 349 2451 partes
386 2403 595 2441 revocavit.
649 2402 712 2440 Ita
749 2402 860 2439 dicit:
901 2402 1093 2440 novalium
1130 2403 1281 2450 „terga“
1313 2404 1365 2450 II,
1396 2404 1429 2450 2,
1459 2402 1527 2450 23;
1569 2403 1642 2440 soli
1680 2403 1834 2450 „terga“
1865 2403 1932 2450 IV,
1966 2403 2022 2450 14,
2053 2402 2085 2440 1.

219 2468 431 2506 Arboribus
450 2468 585 2505 tribuit
607 2467 830 2515 „humeros“
854 2467 900 2514 ¹):
930 2467 1044 2514 XIII,
1069 2466 1130 2515 20,
1151 2469 1165 2504 1
1198 2468 1420 2506 observabis
1441 2470 1567 2506 autem
1586 2469 1633 2505 ab
1653 2468 1833 2516 humeris,
1864 2471 1905 2506 ut
1932 2469 2085 2507 eosdem

218 2537 413 2582 decerpas.
441 2534 553 2581 XIII,
583 2533 619 2581 3,
652 2535 668 2571 1
693 2533 835 2580 optima
863 2533 1041 2580 (semina)
1064 2534 1249 2570 habentur
1276 2546 1299 2570 a
1326 2535 1462 2571 lumbis
1497 2536 1664 2571 secunda
1696 2536 1743 2571 ab
1771 2535 1936 2572 humeris
1972 2534 2086 2571 tertia

397 2657 417 2691 ι)
443 2658 530 2685 nanc
553 2655 791 2685 translationem
811 2657 970 2684 sermonis
994 2656 1129 2690 vulgaris
1152 2656 1313 2690 propriam
1332 2663 1401 2682 esse
1424 2663 1462 2682 ex
1491 2656 1561 2690 ipso
1583 2654 1753 2682 Columella
1783 2653 1989 2687 intellegitur}
2020 2654 2069 2685 ΙΙΙ,

221 2708 267 2741 ⁴⁰,
291 2708 307 2733 5
330 2706 463 2749 „itaque
484 2704 711 2738 custodiemus,
748 2706 781 2732 ut
802 2711 840 2731 ex
864 2703 1036 2741 praedictis
1064 2703 1150 2738 locis,
1189 2710 1268 2739 quos
1291 2703 1439 2732 humeros
1463 2703 1572 2732 rustici
1596 2704 1718 2738 vocant,
1751 2701 1870 2730 semina
1895 2701 2071 2740 legamus“.
