2290 3102
1023 330 1278 367 -14—

222 451 289 488 pro
318 440 574 479 coniunctivo:
604 442 636 489 Ι,
666 443 699 488 2,
730 442 753 478 2
780 441 874 479 illud
902 443 1011 479 vetus
1040 443 1100 478 est
1127 440 1280 478 Catonis
1309 452 1439 487 agrum
1463 440 1627 487 pessime
1651 440 1814 487 multari,
1844 439 1947 478 cuius
1963 440 2078 477 domi-

222 517 304 555 nus,
346 506 436 554 quid
455 506 495 545 in
514 518 558 545 eo
577 507 790 546 faciendum
818 507 879 554 sit,
908 518 982 544 non
1010 508 1155 553 docet,
1198 508 1266 544 sed
1299 507 1428 544 audit
1463 507 1641 544 villicum.
1671 507 1740 554 IX,
1768 506 1803 554 2,
1833 506 1855 543 3
1884 519 1954 544 nec
1981 518 2072 544 sane

222 573 364 609 rustico
392 572 546 619 dignum
574 575 633 609 est
659 572 863 619 sciscitari,
898 572 1061 609 fueritne
1097 572 1241 619 mulier,
1273 592 1318 597 —
1350 582 1461 618 quam
1488 572 1665 619 Juppiter
1691 572 1729 609 in
1771 582 1880 619 apem
1921 582 2074 609 conver-

223 638 281 686 tit,
309 650 359 676 an
387 639 631 676 crabronibus
661 641 700 676 et
726 640 807 676 sole
834 639 984 684 genitas
1012 651 1114 684 apes,
1144 650 1235 683 quas
1256 639 1441 684 nymphae
1460 639 1722 684 Phryxonides
1751 640 2077 682 educaverunt,

222 704 334 741 Jovis
363 704 557 741 exstitisse
584 704 761 741 nutrices.
807 703 873 750 IX,
907 704 963 750 13,
993 702 1015 740 9
1044 702 1159 740 etiam
1186 704 1293 749 putat
1321 713 1448 739 earum
1477 702 1612 750 apium,
1652 714 1746 749 quae
1776 713 1823 740 ex
1850 702 1925 740 alio
1957 702 2075 739 domi-

224 770 310 807 cilio
339 769 728 815 transferuntur,
757 780 867 815 reges
897 769 1111 806 submoveri
1140 769 1291 805 debere.

410 855 571 892 Perraro
599 854 718 893 verba
746 854 930 901 quaedam
958 853 1099 891 omissa
1126 853 1311 900 particula
1342 853 1425 901 „ut“
1457 864 1539 890 cum
1574 855 1671 890 nudo
1709 854 1948 892 coniunctivo
1992 865 2077 891 con-

223 922 440 957 nectuntur:
470 921 519 967 11,
550 919 609 967 10,
638 920 686 956 28
715 921 872 956 deseces
899 920 999 956 licet.
1028 920 1093 967 Vl,
1122 919 1157 967 2,
1187 919 1208 956 4
1238 922 1367 966 patere
1387 919 1620 956 desaeviant.
1650 919 1761 967 XIII,
1792 920 1825 967 7,
1847 918 1869 956 2
1891 919 1950 957 fac
1969 919 2075 956 abra-

226 986 306 1023 das.
361 986 469 1032 VIII,
498 985 533 1033 2,
563 984 586 1023 6
615 986 832 1023 consideret
859 988 1007 1031 oportet
1034 985 1226 1031 (saepius).

1048 1149 1172 1199 Caput
1199 1149 1260 1188 Vl.

732 1280 815 1345 De
861 1281 1099 1364 syntaxi
1137 1281 1558 1364 congruentiae.

1102 1481 1122 1528 ξ
1150 1480 1210 1519 22,

413 1585 731 1632 Congruentia
759 1585 948 1621 numeri.
1004 1586 1204 1631 Complura
1231 1586 1401 1622 subiecta
1428 1587 1526 1631 apud
1555 1586 1811 1633 Columellam,
1854 1586 1951 1623 sicut
1978 1586 2076 1633 apud

227 1651 387 1700 optimos
415 1651 620 1699 scriptores
648 1650 852 1699 singularis
882 1662 1057 1689 numerus
1086 1651 1294 1698 praedicati
1322 1652 1506 1697 sequitur:
1548 1653 1596 1699 ΙΙ,
1626 1653 1661 1699 4,
1691 1652 1713 1689 9
1755 1653 1787 1689 si
1830 1655 1938 1698 tepor
1979 1653 2076 1688 caeli

226 1718 453 1764 siccitasque
481 1717 646 1765 regionis
675 1717 860 1754 suadebit.
903 1717 953 1764 ΙΙ,
986 1716 1043 1764 10,
1076 1715 1120 1753 17
1150 1719 1353 1764 proventus
1389 1720 1426 1755 et
1460 1717 1618 1765 pretium
1658 1718 1828 1766 proritat.
1876 1718 1962 1766 VII,
1991 1716 2026 1766 7,
2060 1720 2074 1755 1

229 1796 365 1822 cornus
394 1787 433 1822 et
460 1784 635 1831 caprinus
665 1786 704 1820 et
732 1793 856 1829 ornus,
886 1794 1149 1827 nonnunquam
1178 1786 1217 1819 et
1244 1783 1341 1819 salix
1369 1784 1589 1830 disponitur.
1618 1785 1682 1831 VI,
1705 1784 1764 1831 14,
1796 1784 1814 1820 1
1845 1785 1933 1821 inde
1962 1784 2077 1821 tussis

228 1852 267 1889 et
293 1850 435 1889 macies
464 1852 503 1888 et
530 1851 579 1888 ad
606 1848 777 1888 ultimum
805 1848 971 1897 phthisis
1000 1847 1139 1887 evadit.

414 1937 553 1972 Contra
579 1935 786 1982 pluralis
815 1946 1040 1971 numerus
1069 1945 1331 1980 nonnunquam
1359 1935 1526 1983 ponitur,
1556 1936 1619 1973 ubi
1648 1937 1719 1973 duo
1748 1936 1988 1974 substantiva
2014 1947 2082 1983 per

225 2002 431 2051 particulas
463 2002 586 2050 „aut“,
619 2001 726 2049 „vel“
759 2001 948 2038 disiuncta
989 2004 1094 2039 sunt:
1138 2001 1244 2053 VIII,
1275 2000 1309 2048 3,
1339 2003 1362 2038 6
1404 2014 1451 2038 ne
1492 2002 1587 2039 feles
1630 2003 1795 2039 habeant
1831 2007 1895 2039 aut
1928 2004 2080 2040 coluber

226 2079 432 2106 accessum.
475 2068 520 2114 V,
550 2066 585 2114 8,
613 2066 634 2104 7
665 2067 729 2104 ubi
757 2067 912 2103 arbutus
945 2068 1010 2103 aut
1045 2067 1122 2102 ilex
1154 2069 1351 2104 steterant.
1402 2068 1512 2115 XIII,
1544 2067 1602 2115 16,
1632 2068 1655 2105 2
1684 2072 1735 2116 ut,
1767 2069 1799 2106 si
1828 2070 1949 2106 ulmus
1978 2068 2080 2106 defe-

226 2135 332 2182 cerit,
361 2134 493 2181 opulus
522 2134 585 2171 vel
612 2133 782 2170 fraxinus
811 2133 934 2169 locum
963 2131 1169 2169 obtineant.

413 2218 722 2257 Constructio
762 2218 851 2265 illa,
899 2229 973 2263 qua
1014 2217 1155 2254 nomini
1192 2218 1455 2256 collective
1484 2220 1699 2266 pluralis
1728 2232 1946 2258 numerus
1974 2220 2082 2258 verbi

227 2286 420 2334 subicitur,
450 2287 548 2333 apud
578 2284 826 2323 Columellam
855 2284 976 2321 satis
1005 2294 1112 2320 raro
1146 2283 1347 2321 invenitur.
1408 2285 1468 2333 VI,
1503 2284 1558 2333 17,
1588 2287 1610 2322 7
1638 2286 1730 2323 facit
1757 2289 1795 2323 et
1822 2287 1941 2333 radiX,
1971 2297 2081 2332 quam

227 2352 364 2390 Graeci
391 2350 541 2397 σίλφιον
567 2353 716 2397 vocant,
760 2349 894 2397 vulgus
923 2352 1046 2386 autem
1074 2351 1204 2386 nostra
1231 2351 1500 2388 consuetudine
1521 2352 1757 2399 laserpitium
1776 2353 1977 2400 appellant.
2012 2351 2081 2398 IX,

231 2419 288 2465 15,
318 2419 339 2454 7
381 2429 486 2454 suum
528 2428 697 2463 quaeque
725 2417 835 2463 plebs
864 2426 1005 2452 morem
1033 2417 1199 2452 servant.
1254 2416 1325 2463 III,
1355 2415 1389 2463 2,
1419 2416 1468 2453 23
1511 2420 1668 2463 utraque
1705 2418 1795 2455 vitis
1833 2440 1880 2444 —
1910 2418 2081 2454 afferunt.

226 2483 317 2530 XII,
359 2484 393 2529 2,
431 2483 454 2519 5
495 2492 578 2519 cum
618 2483 785 2519 armatus
827 2480 1020 2527 inermem,
1063 2490 1176 2526 eques
1217 2480 1395 2530 peditem,
1436 2482 1644 2529 plaustrum
1696 2483 1883 2531 equitem,
1927 2483 1961 2520 si
2006 2482 2082 2520 sint

225 2548 415 2596 permixti,
460 2548 700 2585 confundant.
729 2547 816 2594 VII,
847 2545 882 2593 9,
912 2544 934 2582 7
964 2546 1091 2582 Codex
1119 2545 1456 2592 Sangermanensis
1486 2549 1661 2587 exhibet:
1704 2549 1932 2596 „arundinis,
1972 2559 2081 2594 quam

225 2614 363 2663 vulgus
391 2624 524 2651 canam
551 2612 723 2651 vocant.“
741 2613 767 2660 ¹)

404 2786 424 2823 1)
450 2786 514 2815 err.
538 2786 571 2814 L.
597 2785 746 2820 Kiihnast,
770 2785 822 2813 Dle
845 2784 1070 2822 Hauptpunkte
1093 2783 1150 2811 der
1172 2779 1396 2810 Livianischen
1419 2778 1538 2815 syntax
1562 2781 1645 2807 ⁴872.
1670 2786 1720 2814 pg.
1745 2780 1791 2805 6¹.
