2290 3102
1025 248 1277 287 „43-

414 359 452 406 b)
482 359 742 397 Chiasmus:
773 361 802 407 I,
832 360 865 407 9,
908 360 931 398 3
960 360 1052 397 nihil
1081 360 1119 397 in
1147 360 1217 408 his,
1260 359 1298 397 in
1326 359 1402 397 illis
1439 359 1647 406 plurimum,
1677 360 1726 407 ΙΙ,
1757 359 1790 406 9,
1821 358 1865 396 16
1904 361 2073 407 ordeum,

231 425 328 470 quod
356 423 422 461 alii
450 423 662 471 distichum,
692 424 904 462 Galaticum
934 425 1103 462 nonnulli
1131 427 1278 463 vocant.
1294 425 1366 471 III,
1395 424 1430 471 2,
1460 423 1482 461 6
1512 425 1739 470 campestria
1766 425 1907 472 largius
1936 425 2075 471 vinum,

229 491 297 527 sed
324 489 520 527 iucundius
548 489 708 528 afferunt
742 490 890 528 collina.
920 492 991 540 III,
1025 490 1060 539 2,
1095 490 1144 529 24
1172 491 1330 529 raritate
1372 502 1528 529 uvarum
1570 493 1609 528 et
1636 490 1827 527 acinorum
1856 490 2075 538 exiguitate.

231 556 303 604 ΙΙΙ,
332 555 366 604 7,
395 555 418 594 3
446 556 682 604 ignorantiae
723 557 889 595 tenebris
919 581 964 584 —
993 558 1077 596 luce
1116 558 1303 597 veritatis.
1338 558 1404 605 IV,
1434 557 1468 605 3,
1498 557 1519 594 4
1550 555 1641 606 (res)
1671 557 1801 594 labore
1839 560 1877 594 et
1904 558 2077 594 ubertate

231 622 461 658 consumitur
500 622 670 668 peritque
711 623 944 659 fecunditate
984 635 1062 660 sua.
1092 624 1158 670 IV,
1187 622 1248 670 22,
1278 622 1301 659 8
1338 624 1459 660 valles
1501 633 1697 668 arenosae,
1740 633 1920 659 arenosus
1963 623 2077 658 etiam

232 688 343 726 tofus.
373 688 428 726 IV
456 686 516 736 29,
549 690 564 725 1
595 688 726 727 vitium
754 690 1037 727 inserenda-rum
1064 691 1358 737 tuendarumque
1393 689 1610 727 insitionum
1650 690 1863 735 praecepta.
1895 690 1936 735 V,
1967 687 2025 736 10,
2055 687 2077 725 4

232 753 353 791 minus
382 753 533 801 frigoris
561 753 683 792 hieme
711 754 905 801 minusque
933 757 1080 792 aestate
1107 755 1271 802 vaporis.
1305 755 1371 803 VI,
1400 754 1435 803 2,
1457 754 1479 792 4
1508 757 1547 791 et
1574 754 1711 800 aliquis
1739 756 1827 790 ante
1856 757 1894 790 et
1921 765 1944 790 a
1970 757 2076 801 tergo

235 819 456 865 complures.
512 819 579 866 VI,
609 818 669 866 37,
698 819 721 856 4
749 822 944 866 paternam
971 820 1128 857 formam
1156 823 1195 857 et
1221 821 1453 867 modestiam,
1482 819 1740 857 fortitudinem
1769 820 2076 865 celeritatemque

229 884 382 921 avitam.
412 885 499 932 VH,
531 883 589 932 12,
622 887 663 921 11
696 886 816 931 carpit
844 888 881 922 et
909 897 1041 932 corpus
1071 888 1109 922 et
1134 886 1234 923 vires
1263 886 1481 931 animosque
1510 887 1727 932 degenerat.
1751 885 1859 931 VIII,
1890 884 1949 931 15,
1980 884 1999 922 1
2029 896 2076 922 ne

228 951 293 986 aut
320 949 496 988 evolandi
530 949 580 987 sit
605 952 775 997 potestas
813 950 1029 988 domesticis
1064 951 1196 989 avibus
1230 953 1295 988 aut
1331 951 1465 997 aquilis
1501 951 1563 989 vel
1591 950 1834 997 accipitribus
1865 950 2075 987 involandi.

228 1015 287 1052 IX
316 1016 432 1061 praef.
464 1016 482 1052 1
514 1016 624 1053 venio
653 1018 700 1052 ad
720 1017 877 1052 tutelam
897 1019 1079 1062 pecudum
1096 1039 1133 1042 -
1159 1020 1197 1054 et
1215 1017 1340 1063 apium
1360 1019 1630 1055 educationem.
1660 1017 1728 1063 IX,
1749 1018 1784 1063 6,
1807 1018 1825 1053 1
1856 1028 1925 1053 nec
1954 1016 2075 1053 hieme

227 1081 352 1127 rigent
382 1092 451 1117 nec
489 1083 651 1118 candent
687 1084 844 1119 aestate.
872 1082 941 1127 IX,
980 1079 1037 1127 13,
1066 1079 1089 1117 8
1126 1079 1245 1125 radix,
1287 1079 1390 1116 cuius
1428 1082 1487 1117 est
1521 1080 1645 1118 frutex
1678 1082 1822 1129 luteus,
1864 1093 2071 1128 purpureus

223 1146 300 1183 flos.
354 1146 424 1193 XI,
457 1145 488 1191 1,
517 1145 566 1183 25
594 1148 635 1183 ut
663 1146 782 1194 magis
814 1147 893 1183 eius
922 1148 1127 1184 vereantur
1160 1145 1416 1192 severitatem,
1447 1157 1556 1191 quam
1584 1150 1625 1184 ut
1652 1148 1851 1185 saevitiam
1879 1149 2070 1184 detesten-

226 1214 297 1248 tur.
351 1211 441 1258 XII,
470 1210 530 1258 20,
562 1210 584 1248 6
611 1214 748 1257 quanto
786 1214 846 1248 est
872 1211 1070 1257 vetustior,
1116 1213 1222 1247 tanto
1251 1210 1384 1247 melior
1411 1212 1581 1249 habetur.
1624 1213 1734 1259 XIII,
1782 1213 1837 1260 17,
1881 1213 1903 1250 3
1944 1214 2076 1259 pausia

227 1276 309 1313 oleo
338 1298 384 1302 -
415 1286 525 1313 escae
553 1276 676 1313 orchis
705 1276 860 1323 (optima
889 1276 974 1323 est).

412 1342 446 1386 c)
475 1342 714 1378 Chiasmus
742 1352 823 1387 per
850 1342 943 1378 tria
970 1342 1179 1377 membra
1206 1341 1422 1377 adhibetur:
1453 1342 1517 1387 VI,
1547 1343 1607 1387 36,
1638 1344 1660 1378 2
1690 1354 1883 1387 equam—
1903 1344 2075 1388 pulcher-

148 1448 155 1458 *
226 1406 343 1443 rimae
371 1406 525 1454 somnae,
571 1406 746 1444 membris
774 1406 1003 1454 fortissimis,
1045 1405 1359 1453 patientissimam
1400 1406 1551 1443 laboris.
1583 1407 1635 1444 VI
1663 1408 1697 1454 5,
1732 1406 1747 1444 1
1781 1409 1979 1445 mutandus
2017 1410 2076 1444 est

227 1473 323 1508 coeli
350 1475 472 1509 status
504 1494 548 1497 ——
578 1475 617 1509 et
651 1474 877 1520 longinquae
904 1473 1078 1519 regiones
1118 1473 1305 1517 petendae
1334 1476 1420 1508 sunt
1448 1476 1559 1518 atque
1589 1495 1637 1498 -
1666 1473 1893 1519 segregandi
1922 1485 1944 1509 a
1971 1474 2073 1509 sanis

227 1538 397 1576 morbidi.

411 1605 449 1652 d)
479 1604 730 1643 Chiasmus
772 1604 896 1643 variat
940 1616 1035 1642 cum
1075 1603 1419 1651 parallelismo:
1456 1604 1521 1652 VI,
1564 1606 1593 1652 1,
1634 1603 1652 1641 1
1684 1604 1782 1641 aliae
1816 1604 1958 1641 formae
1987 1607 2073 1641 sunt

225 1670 406 1706 Asiaticis
434 1671 596 1717 (bubus),
633 1671 731 1707 alia-e
760 1672 930 1716 Gallicis,
960 1670 1162 1716 Epiroticis
1190 1670 1299 1705 aliae.
1357 1671 1422 1716 VI,
1454 1670 1486 1716 1,
1518 1670 1535 1706 1
1568 1674 1606 1706 et
1642 1670 1808 1706 habitum
1842 1670 2006 1715 corporis
2037 1674 2074 1706 et

227 1735 417 1783 ingenium
445 1735 560 1773 animi
588 1738 627 1773 et
652 1736 719 1783 pili
753 1737 928 1773 colorem.
966 1736 1031 1783 VI,
1062 1735 1121 1782 24,
1151 1736 1174 1771 5
1211 1734 1352 1781 cytisus
1396 1734 1528 1772 viridis
1567 1738 1604 1772 et
1637 1734 1878 1772 torrefactum
1916 1736 2068 1772 ordeum

227 1804 534 1848 maceratumque
555 1812 695 1839 ervum.
725 1802 776 1850 II,
805 1801 839 1849 4,
869 1800 892 1839 8
920 1800 1174 1848 proscinditur
1201 1801 1356 1847 duabus,
1386 1812 1460 1837 una
1488 1801 1656 1848 iteratur,
1686 1800 1861 1837 tertiatur
1876 1802 2071 1847 dodrante,

226 1868 263 1903 in
291 1867 399 1903 liram
427 1869 550 1902 satum
578 1867 762 1913 redigitur
789 1869 996 1912 quadrante
1035 1877 1182 1912 operae.
1237 1866 1322 1911 VII,
1352 1868 1386 1912 6,
1418 1867 1439 1901 2
1476 1878 1588 1911 caper
1628 1866 1850 1911 amplissimi
1892 1867 2070 1911 corporis,

227 1932 395 1969 cruribus
423 1932 574 1979 crassis,
603 1933 715 1978 plena
743 1934 781 1969 et
808 1932 915 1969 brevi
943 1932 1102 1978 cervice,
1131 1931 1275 1967 flacidis
1305 1933 1343 1967 et
1369 1931 1706 1977 praegravantibus
1736 1930 1899 1967 auribus.

1050 2038 1173 2086 Caput
1199 2038 1253 2076 ΙΙΙ.

749 2123 831 2186 De
875 2126 1147 2187 sermonis
1190 2124 1492 2186 varietate.

1094 2255 1114 2301 ξ
1141 2254 1201 2292 62.

411 2325 452 2363 Si
479 2324 560 2371 quis
589 2326 635 2362 de
663 2324 856 2372 scriptoris
884 2324 1042 2363 alicuius
1071 2336 1243 2363 sermone
1271 2324 1502 2362 iudicaturus
1531 2327 1602 2372 est,
1641 2324 1679 2362 id
1708 2325 1743 2363 ei
1772 2325 1845 2363 erit
1872 2324 2072 2372 praecipue

226 2391 550 2438 considerandum,
579 2390 618 2427 in
637 2401 707 2436 qno
727 2390 939 2427 litterarum
957 2401 1097 2437 genere
1116 2391 1182 2427 ille
1203 2392 1376 2428 versatus
1397 2390 1457 2427 sit.
1488 2391 1593 2437 Nam,
1623 2393 1664 2427 ut
1680 2391 1734 2428 ait
1751 2391 2073 2438 QuinctilianuS,¹)

226 2468 295 2493 sua
321 2457 453 2502 cuique
480 2457 612 2503 generi
638 2457 830 2502 proposita
855 2457 929 2503 lex,
959 2468 1047 2493 suus
1076 2457 1208 2502 cuique
1236 2458 1349 2493 decor
1375 2459 1442 2493 est.
1472 2457 1560 2493 Jam
1589 2456 1622 2493 si
1650 2457 1814 2494 animum
1842 2458 2070 2494 attendimus

226 2523 274 2560 ad
302 2521 509 2569 materiam,
552 2532 662 2568 quam
690 2521 897 2560 Columella
923 2521 1113 2570 tractavit,
1158 2523 1308 2559 tenuem
1337 2522 1375 2558 et
1404 2520 1542 2559 exilem
1571 2532 1654 2559 eam
1681 2521 1853 2560 videmus
1892 2533 1988 2569 esse,
2035 2525 2072 2559 et

227 2588 321 2626 satis
350 2588 504 2625 difficile
531 2588 650 2625 fuisse
678 2588 813 2635 vitare,
842 2598 888 2624 ne
916 2587 1050 2625 iisdem
1079 2587 1205 2625 verbis
1235 2588 1365 2624 crebro
1394 2587 1567 2633 repetitis
1595 2588 1803 2635 legentium
1823 2600 1932 2625 aures
1959 2589 2071 2624 offen-

401 2686 421 2724 1)
445 2687 519 2716 lnst.
543 2694 589 2715 or.
614 2687 652 2722 X,
674 2689 702 2722 2,
725 2688 772 2714 22.
1803 2728 1842 2763 6.
