2290 3102
212 414 327 452 exitio
356 414 406 461 II,
437 413 495 461 16,
518 413 563 462 53
592 414 661 461 IX,
685 413 743 461 14,
764 412 796 450 8.
827 413 873 450 12
902 414 1017 461 praef.
1038 413 1060 451 9
1080 417 1122 451 ut
1140 414 1240 450 domi
1260 415 1452 450 confectae
1473 418 1600 451 vestes
1629 414 1782 450 fastidio
1811 415 1897 450 sint.
1923 414 2058 450 Fuisse

214 480 358 528 gloriae
387 491 512 518 curam
548 480 849 518 rusticationis]
899 481 1017 527 praef.
1065 481 1120 517 13.
1161 483 1221 517 est
1262 480 1376 517 etiam
1417 481 1582 516 remedio
1626 480 1831 527 serpyllum
1874 480 2058 526 V1,4,3

217 543 480 596 (saepissime).
515 546 614 582 alter
641 545 691 583 sit
718 546 884 583 subsidio
913 546 978 593 IV,
1000 545 1035 593 6,
1066 545 1097 583 1.
1125 549 1166 583 ut
1193 546 1293 583 mala
1319 546 1402 583 usui
1430 557 1503 582 non
1532 547 1608 583 sint
1634 546 1724 592 XII,
1752 544 1814 592 47,
1843 545 1875 581 3.
1904 548 2064 582 ‹›rdacea

195 612 343 659 ‚pecori
370 612 560 658 praesidio
588 612 657 658 XI,
686 610 721 658 2,
751 612 819 659 71;
848 612 914 660 VI,
942 614 977 660 3,
1007 612 1041 650 3.

397 676 603 715 Dativus
631 676 797 714 finalis
834 688 888 714 ex
916 677 1034 715 aliis
1063 678 1224 715 verbis
1266 679 1470 725 dependet:
1506 678 1553 724 X,
1597 678 1646 713 ‘24
1674 688 1803 713 amnes
1833 677 1971 713 auxilio
2003 680 2062 713 at-

213 743 373 777 trahat
399 743 528 778 hortis.
555 743 606 787 II,
635 742 696 787 21,
725 742 747 777 4
776 743 897 779 olivas
935 744 1152 779 conditui
1189 745 1349 789 legere
1376 744 1477 780 licet.
1523 744 1567 779 12
1605 745 1722 789 praef.
1752 745 1775 779 5
1804 747 1939 779 natura
1966 744 2062 780 hunc

215 818 346 845 sexum
374 805 567 845 custodiae
595 809 633 845 et
665 805 885 855 diligentiae
922 805 1287 855 assignaverat.
1334 807 1439 856 VIII,
1474 806 1529 856 15,
1561 806 1582 845 7
1612 807 1644 845 si
1673 808 1781 845 modo
1811 809 1940 854 captas
1970 817 2060 845 aves

213 872 406 909 custodiae
434 873 633 910 tradere
662 873 770 910 velis.
800 873 906 920 VIII,
936 872 971 920 9,
1002 872 1212 911 lvolatura
1239 874 1303 921 ita,
1332 877 1373 911 ut
1392 875 1548 922 capitur,
1577 875 1744 911 farturae
1773 874 2062 911 destinatur.

218 939 263 975 cf.
292 939 399 985 VIII,
438 938 495 985 14,
537 937 591 975 10.
634 961 680 964 —
731 938 749 975 1
778 939 894 984 praef.
931 938 953 975 3
990 950 1068 975 rem
1109 938 1289 975 rusticam
1330 939 1492 984 pessimo
1534 939 1665 985 cuique
1699 950 1893 976 servorum
1926 939 2061 976 noxiae

212 1005 430 1042 dedimus.
468 1006 573 1052 VIII,
617 1005 651 1052 5,
693 1004 740 1042 21
784 1017 858 1043 uva
897 1005 1001 1052 potui
1041 1006 1140 1042 data.
1180 1004 1292 1053 XIII,
1331 1007 1365 1052 5,
1398 1005 1410 1042 1
1459 1007 1617 1043 alteram
1656 1005 1852 1043 materiam
1893 1005 2060 1043 subsidio

213 1070 401 1107 habeas.
442 1070 508 1117 VI,
538 1069 598 1117 23,
637 1071 660 1106 2
700 1071 883 1116 pastorali
924 1070 1031 1117 signo
1061 1070 1167 1115 quasi
1194 1071 1361 1116 receptui
1402 1072 1596 1107 canitur.
1652 1072 1702 1117 II,
1732 1070 1792 1117 20,
1822 1071 1843 1106 6
1873 1071 2060 1107 frumenta

212 1137 296 1173 usui
317 1137 647 1174 destinantur.
687 1135 749 1185 (X,
779 1135 864 1183 109,
895 1136 1036 1174 excitet
1061 1141 1103 1173 ut
1130 1136 1271 1173 Veneri
1298 1138 1425 1173 tardos
1455 1148 1566 1173 cruca
1593 1136 1774 1183 maritos).

799 1285 835 1324 5.
866 1284 938 1325 De
963 1296 1068 1325 usu
1094 1285 1463 1325 accusativi.

1080 1388 1099 1433 ξ
1128 1387 1187 1424 32.

394 1472 730 1510 Accusativum
759 1472 912 1509 minus
940 1472 1111 1509 usitate
1148 1472 1333 1519 recipiunt
1366 1475 1524 1520 verba,
1560 1484 1654 1519 quac
1690 1475 1787 1520 apud
1822 1474 1965 1519 priores
1995 1474 2057 1510 in-

210 1539 481 1576 transitiva
509 1541 596 1574 sunt
630 1538 693 1575 vel
721 1549 803 1574 cum
839 1538 1291 1584 praepositionibus
1329 1540 1592 1576 coniuncta:
1630 1541 1767 1577 Planta
1797 1541 2060 1577 exhorreat

209 1607 337 1641 aestus
364 1605 412 1651 X,
453 1603 536 1641 154.
574 1603 760 1640 Granaria
798 1604 911 1640 scalis
946 1605 1176 1640 adeantur
1202 1605 1232 1651 Ι,
1262 1606 1296 1651 6,
1328 1603 1374 1641 10
1419 1603 1535 1653 (Ροόϊ.
1573 1605 1683 1653 Liv.).
1725 1606 1857 1642 Eniti
1901 1606 1947 1641 de
1975 1606 2057 1642 loco

208 1672 427 1716 usurpatum
456 1680 538 1706 cum
566 1670 664 1706 nudo
693 1669 909 1707 accusativo
939 1669 1191 1717 coniungitur:
1220 1670 1270 1717 Π,
1292 1671 1325 1717 2,
1355 1669 1402 1708 27
1432 1673 1472 1708 ut
1491 1673 1610 1707 totuin
1631 1670 1793 1716 spatium
1823 1671 1888 1707 bos
1919 1671 2055 1718 agilius

211 1736 385 1773 enitatur.
415 1757 461 1761 —-
489 1735 582 1782 Apis
613 1736 778 1773 evadit
805 1736 1034 1773 vestibulum
1073 1736 1143 1783 IX,
1179 1735 1238 1783 12,
1270 1736 1288 1773 1
1320 1734 1445 1785 (Verg.
1483 1737 1549 1774 ΟΥ.
1591 1736 1672 1773 Liv.
1707 1737 1828 1783 post).
1865 1759 1902 1763 -
1935 1737 2054 1773 Canes

209 1802 569 1850 appropinquantem
610 1801 812 1839 violentius
854 1802 1093 1839 invadunt
1133 1803 1219 1849 VII,
1251 1801 1311 1849 12,
1341 1802 1375 1840 7.
1415 1801 1558 1851 (Cicero
1605 1802 1690 1839 huic
1729 1804 1844 1839 verbo
1887 1803 2053 1840 dativum

209 1870 307 1906 solet
334 1879 541 1916 apponere3
571 1869 638 1905 sed
666 1868 904 1905 accusativus
932 1868 1046 1904 etiam
1074 1870 1172 1914 apud
1201 1870 1293 1906 Sall.
1323 1872 1361 1906 et
1389 1870 1472 1907 Liv.
1501 1868 1649 1918 exstat).

393 1934 641 1971 Fastidire
670 1935 767 1980 apud
795 1933 1011 1971 Ciceronem
1041 1934 1135 1981 (Mil.
1182 1932 1241 1981 16,
1271 1933 1333 1984 42)
1361 1936 1515 1973 verbum
1550 1938 1721 1972 neutrum
1751 1937 1825 1982 est,
1873 1936 2055 1972 accusati-

209 2012 297 2037 vum
325 2001 483 2037 attrahit
510 2002 607 2046 apud
636 2001 879 2036 Columellam
907 2000 976 2046 IX,
1007 1999 1065 2046 12,
1098 1999 1116 2035 1
1148 1998 1200 2048 (et
1227 2002 1325 2046 apud
1353 2002 1573 2047 Varronem,
1606 2001 1811 2046 Horatium,
1850 2013 1924 2037 non
1952 2004 2050 2047 apud

213 2065 418 2116 Plautum:
460 2066 621 2113 patriam
653 2065 851 2104 fastidiens
880 2066 1019 2103 sedem.
1068 2064 1108 2102 Si
1136 2076 1268 2102 recens
1302 2077 1403 2103 mare
1445 2077 1518 2103 non
1555 2077 1702 2112 semper
1736 2068 1911 2113 stagnum
1958 2078 2008 2113 pe
2022 2079 2055 2103 r-

209 2135 334 2169 meat
362 2132 469 2179 VIII,
499 2131 558 2179 17,
587 2133 619 2169 5.
649 2132 870 2179 (Ov.Plin.).
899 2132 951 2169 Ut
977 2131 1084 2168 multi
1112 2133 1223 2169 sedes
1252 2143 1339 2168 suas
1367 2132 1662 2179 profugerint
1689 2132 1719 2179 I,
1749 2130 1784 2178 3,
1814 2131 1836 2168 6
1867 2132 2009 2182 (Suet).
2032 2133 2056 2182 ¹)

210 2198 446 2246 Spectent
472 2198 646 2236 hiemalis
674 2197 853 2244 temporis
882 2197 1053 2235 cubicula
1079 2197 1287 2235 brumalem
1323 2196 1506 2235 orientem
1535 2198 1565 2244 I,
1594 2196 1629 2245 6,
1665 2196 1701 2244 1,
1740 2197 1771 2244 Ι,
1800 2198 1835 2245 6,
1871 2196 1913 2245 2,
1944 2199 1988 2246 Y,
2021 2198 2055 2246 9,

209 2267 253 2314 33
282 2266 327 2313 V,
358 2264 417 2313 11,
447 2264 480 2302 3.
516 2266 568 2302 At
595 2266 640 2312 V,
670 2264 729 2312 10,
760 2264 805 2301 13
844 2264 1005 2301 occurrit
1046 2266 1241 2311 „spectare
1269 2264 1354 2311 ad“,
1396 2265 1494 2310 quod
1522 2276 1544 2300 a
1586 2264 1765 2301 Cicerone
1813 2268 1851 2301 et
1893 2265 2056 2303 Caesare

209 2334 422 2379 usurpatur,
450 2343 532 2369 cum
559 2331 673 2369 etiam
700 2331 913 2378 Sallustius,
943 2330 1073 2367 Livius
1102 2333 1141 2368 et
1158 2330 1387 2377 posteriores
1402 2331 1539 2367 nudum
1555 2330 1813 2368 accusativum
1833 2331 2055 2369 adhibeant.

210 2421 256 2424 —
288 2398 411 2445 Caper
438 2400 594 2435 matrem
624 2399 752 2444 stupro
781 2396 1056 2444 supervenit
1083 2397 1170 2444 VII,
1199 2398 1233 2444 6,
1264 2396 1298 2434 3.
1341 2399 1382 2434 ut
1409 2397 1490 2443 quis
1538 2407 1619 2434 cam
1661 2397 1883 2443 supervenit
1921 2399 2053 2435 humor

209 2465 260 2512 Π,
302 2462 362 2512 16,
399 2463 433 2501 5.
475 2464 550 2511 (Ita
588 2465 723 2511 poetae
765 2465 802 2500 et
841 2462 984 2500 Plinius
1023 2462 1142 2500 maior
1179 2463 1296 2500 locuti
1330 2461 1441 2512 sunt).
1478 2484 1527 2488 —-
1582 2462 1738 2500 Animos
1786 2464 2056 2511 degenerat

209 2530 359 2578 (venus)
387 2531 474 2577 VII,
505 2529 563 2577 12,
594 2529 653 2567 11.
670 2530 698 2577 ²)
727 2530 837 2566 Viam
864 2532 966 2567 recte
994 2530 1215 2576 gradItur
1242 2529 1307 2576 VI,
1337 2528 1397 2576 37,
1431 2528 1486 2565 11.

385 2696 405 2732 ¹)
430 2697 543 2726 Caesar
564 2697 637 2725 huic
660 2696 758 2726 verbo
780 2696 1045 2734 praepositionem
1068 2695 1154 2731 ,‚ex‘¹
1177 2695 1326 2731 adiungit.

381 2746 402 2783 2)
425 2747 605 2776 Admodum
625 2755 694 2775 raro
713 2747 786 2776 huic
807 2745 902 2774 verbo
925 2745 1136 2774 accusativum
1158 2745 1231 2773 addi
1247 2744 1508 2773 Krebs-Schmalz
1541 2744 1717 2779 (Antibarb.
1743 2747 1750 2774 1
1776 2753 1825 2782 pg,
1848 2747 1912 2781 370)
1939 2746 2041 2774 docet.

1843 2791 1881 2824 31
