2290 3102
1025 437 1149 488 Caput
1175 437 1249 476 Vll.

939 523 1022 586 De
1073 523 1315 586 casibus,

856 644 887 683 1.
939 644 1008 683 De
1034 655 1129 682 usu
1154 642 1401 693 genetivi.

1083 733 1102 778 ξ
1132 733 1190 768 23.

395 816 658 854 Genetivus
687 816 1008 863 possessivus,
1050 815 1122 863 qui,
1164 826 1246 853 cum
1274 815 1309 852 ei
1336 826 1470 852 nomen
1498 826 1572 852 non
1600 814 1652 852 sit
1678 814 1900 863 appositum,
1940 815 2051 852 offen-

210 884 352 919 sionem
394 884 542 929 habeat,
584 883 790 918 invenitur:
833 883 902 929 XI,
944 884 978 927 3,
1021 881 1069 917 53
1111 883 1209 927 apud
1236 881 1445 927 Aegyptiae
1487 881 1610 926 gentis
1652 881 1784 917 Bolum
1814 881 2048 918 Mendesium

210 949 379 994 legimus.

396 1012 653 1049 Genetivus
683 1012 992 1059 appositivas,
1023 1012 1084 1057 qui
1112 1014 1278 1058 vocatur,
1308 1014 1449 1048 exstat:
1493 1013 1599 1058 VIII,
1638 1014 1693 1058 17,
1725 1014 1748 1048 6
1777 1014 1961 1060 scopulos,
1992 1014 2055 1058 qui

210 1078 408 1124 praecipue
436 1078 563 1114 herbis
592 1079 701 1124 algae
729 1078 952 1115 vestiuntur.
995 1078 1039 1124 V,
1073 1080 1130 1124 11,
1160 1077 1207 1114 14
1235 1078 1408 1114 arborem
1435 1077 1505 1114 fici.
1546 1077 1615 1124 XI,
1644 1076 1679 1125 2,
1708 1077 1756 1115 59
1785 1079 1940 1116 arbores
1968 1079 2053 1115 fico-

210 1153 301 1180 rum.
330 1142 399 1190 XI,
429 1141 463 1190 3,
492 1141 540 1179 42
569 1143 649 1180 olus
678 1143 872 1189 atriplicis.
902 1142 1008 1190 VIII,
1039 1141 1098 1189 16,
1127 1141 1149 1177 9
1176 1142 1215 1179 in
1242 1145 1370 1179 nostro
1400 1142 1560 1179 Gadium
1587 1143 1799 1189 municipio.

394 1209 440 1244 In
466 1209 690 1254 genetivi
718 1209 981 1253 qualitatis
1010 1219 1079 1244 usu
1108 1208 1315 1245 Columella
1342 1218 1416 1243 non
1443 1208 1587 1243 recedit
1602 1208 1648 1244 ab
1669 1208 1833 1254 eleganti
1853 1209 2056 1259 latinitate·

211 1275 292 1311 Hoc
319 1274 481 1310 fortasse
510 1275 718 1320 exemplum
736 1275 886 1321 dignum
904 1277 973 1320 est,
1004 1275 1100 1319 quod
1120 1276 1367 1320 proponatur:
1398 1273 1468 1320 ΙΙΙ,
1490 1274 1524 1320 8,
1541 1273 1564 1309 3
1585 1272 1763 1319 Liguriae
1792 1284 2056 1320 nonnunquam

211 1342 339 1377 taurus
369 1339 567 1377 eminentis
596 1342 764 1376 staturae
793 1339 1031 1386 conspicitur.

399 1405 540 1452 „Boni
568 1406 850 1452 consulere“,
889 1416 983 1451 quae
1009 1405 1148 1442 locutio
1176 1407 1379 1451 argenteae
1407 1404 1608 1441 latinitatis
1635 1404 1787 1450 propria
1815 1408 1884 1452 est,
1922 1407 2054 1442 eadem

213 1471 488 1519 significatione
517 1470 664 1518 dicitur,
705 1483 777 1517 qua
804 1472 902 1518 apud
929 1473 1079 1508 veteres
1108 1469 1310 1517 scriptores
1342 1470 1534 1517 „accipere
1562 1470 1601 1507 in
1627 1470 1763 1508 bonam
1790 1470 1976 1517 partem:“
2010 1470 2057 1508 10

214 1537 330 1583 praef.
372 1536 394 1572 5
436 1538 533 1581 quod
574 1537 886 1583 elucubravimus,
917 1537 1010 1572 adeo
1038 1536 1226 1582 propriam
1266 1536 1340 1572 sibi
1365 1536 1515 1572 laudem
1552 1547 1626 1572 non
1665 1537 1844 1583 vindicat,
1888 1539 1929 1574 ut
1969 1537 2058 1574 boni

217 1603 399 1650 consulat,
429 1602 462 1640 si
489 1613 563 1641 non
591 1602 641 1640 sit
668 1601 843 1641 dedecori
870 1601 972 1649 prius
1002 1601 1113 1640 editis
1141 1613 1164 1639 a
1191 1612 1250 1640 me
1278 1601 1499 1649 scriptorum
1527 1602 1787 1640 monumentis.

1077 1687 1097 1734 ξ
1125 1685 1185 1723 24.

397 1755 655 1791 Adiectiva
682 1754 902 1790 neutrius
930 1754 1147 1800 generius
1168 1754 1266 1799 apud
1285 1753 1443 1799 optimos
1464 1753 1666 1799 scriptores
1694 1766 1779 1791 raro
1808 1765 1901 1792 cum
1920 1765 2009 1801 gen
2022 1765 2058 1792 e-

212 1821 309 1860 tivo
338 1820 566 1870 coniungi
594 1822 751 1859 constat.
782 1821 808 1869 ¹)
837 1820 946 1867 Apud
974 1819 1208 1858 Columellan
1234 1819 1304 1857 hoc
1332 1819 1521 1868 saepius
1549 1819 1802 1859 invenitur.
1831 1820 1876 1869 V,
1910 1818 1966 1869 10,
2001 1819 2057 1871 15,

214 1889 387 1935 exiguum
414 1888 560 1924 laseris.
589 1888 633 1923 cf.
660 1888 726 1933 VI,
756 1888 789 1933 2,
821 1887 861 1933 43
890 1887 977 1933 VII,
1005 1888 1040 1932 3,
1074 1889 1137 1934 173
1167 1887 1233 1933 VI,
1262 1886 1322 1933 17,
1352 1888 1394 1934 53
1423 1887 1510 1933 VII,
1540 1889 1574 1933 8,
1604 1888 1647 1934 2;
1676 1888 1783 1934 VIII,
1808 1889 1864 1934 11,
1895 1889 1932 1935 23
1968 1888 2058 1934 XII,

214 1953 248 2001 8,
277 1952 317 2002 2;
347 1954 437 2001 XII,
468 1952 526 2001 16,
557 1953 597 2002 1;
638 1953 728 2000 XII,
756 1951 816 1999 49,
846 1953 878 1988 ἴ).
924 1952 1108 1998 reliquum
1144 1952 1217 1989 olei
1245 1952 1334 2000 XII,
1364 1951 1424 1999 54,
1455 1953 1486 1989 2.
1514 1954 1668 1999 propter
1708 1952 1856 2000 insigne
1885 1953 2058 1990 candoris

214 2019 321 2064 VIII,
351 2018 386 2065 2,
416 2017 448 2056 7.
477 2030 524 2056 ex
551 2019 673 2056 vicino
702 2018 853 2055 Africae
880 2018 966 2064 VII,
997 2019 1031 2065 2,
1060 2018 1094 2055 4.
1125 2019 1163 2055 in
1190 2019 1372 2065 profundo
1400 2023 1525 2055 terrae
1553 2019 1624 2065 ΙΙΙ,
1655 2018 1688 2065 1,
1718 2017 1751 2055 8.
1778 2030 1846 2065 per
1873 2030 2055 2056 summum

213 2089 339 2122 terrae
367 2085 438 2132 III,
469 2083 527 2131 11,
558 2083 591 2121 3.
633 2087 785 2121 excreta
825 2083 941 2120 tritici
986 2083 1088 2130 VIII,
1126 2082 1160 2131 4,
1191 2083 1229 2131 13
1272 2083 1379 2131 VIII,
1409 2085 1443 2131 8,
1472 2085 1506 2121 6.
1550 2084 1709 2121 elatiora
1738 2106 1784 2111 —
1816 2084 2059 2132 depressiora

214 2151 303 2189 clivi
330 2151 381 2198 ΙΙ,
409 2149 444 2198 4,
477 2148 533 2187 10.
563 2150 702 2196 optima
728 2150 948 2196 pabulorum
975 2149 1026 2196 II,
1057 2148 1091 2197 7,
1124 2149 1155 2186 1.
1185 2161 1331 2187 summa
1357 2150 1480 2187 trunci
1508 2150 1574 2197 IV,
1605 2148 1665 2197 24,
1696 2148 1731 2187 6.

400 2216 490 2254 Cum
517 2216 714 2254 adiectivis
742 2215 929 2253 nonnullis
958 2215 1167 2253 Columella
1192 2216 1465 2263 genetivum
1500 2216 1698 2263 connectit,
1727 2217 1791 2254 ubi
1818 2227 1955 2254 aureae
1974 2217 2058 2254 lati-

216 2283 346 2319 nitatis
384 2282 653 2328 scriptores
696 2282 838 2318 alium
884 2293 1036 2318 casum
1080 2283 1143 2318 vel
1183 2283 1557 2329 praepositiones
1603 2283 1794 2319 adhibent.
1848 2283 2059 2320 Callidus

215 2360 337 2386 rerum
365 2348 588 2385 rusticarum
616 2348 666 2395 II,
697 2349 729 2395 2,
761 2346 801 2395 1;
830 2358 952 2384 rerum
980 2350 1138 2385 naturae
1168 2348 1252 2396 VII,
1282 2347 1316 2396 3,
1347 2347 1404 2385 12.
1434 2348 1537 2395 (Hor.
1565 2348 1668 2396 Tae.)
1698 2348 2061 2396 Consanguinea

215 2415 291 2459 (res
320 2414 474 2458 rustica)
502 2413 710 2459 sapientiae
739 2416 798 2449 est
828 2415 843 2448 1
874 2413 989 2458 praef.
1016 2413 1050 2449 4.
1071 2406 1100 2458 2)
1128 2414 1301 2451 Edaces
1330 2415 1436 2450 multi
1464 2414 1537 2450 cibi
1564 2415 1680 2451 boves
1709 2415 1775 2460 VI,
1804 2413 1839 2460 2,
1870 2414 1928 2451 14.
1962 2414 2060 2461 (Ov.)

216 2480 438 2517 Fecunda
464 2480 568 2527 regio
596 2479 743 2526 palmae
772 2479 840 2526 XI,
888 2479 920 2526 2,
951 2477 1019 2527 903
1063 2479 1133 2527 IX,
1180 2479 1214 2527 4,
1262 2481 1295 2517 2.
1326 2479 1443 2526 (Cato,
1492 2479 1579 2516 Hor.
1621 2479 1716 2516 Plin.
1758 2480 1862 2528 Tac.)
1904 2479 2059 2518 Ferax

390 2622 411 2658 1)
434 2623 495 2651 Csr.
521 2623 657 2657 Riihner,
684 2623 745 2650 Lat.
773 2623 876 2650 Gram.
899 2622 922 2649 11
945 2630 995 2657 pg.
1017 2624 1081 2649 317.

388 2671 412 2708 2)
436 2672 571 2700 Dubium
600 2674 657 2705 est,
691 2679 764 2699 num
797 2671 1016 2707 ,‚sapicntiae“
1040 2671 1203 2706 genetivus
1224 2671 1273 2702 sit,
1301 2670 1487 2706 praesertim
1510 2677 1581 2698 cum
1607 2670 1778 2698 Columella
1800 2671 1963 2707 scripserit
1986 2670 2057 2701 1.1.:

217 2728 292 2754 „res
314 2722 430 2749 rustica
452 2722 594 2757 proxima
616 2723 646 2749 et
668 2721 755 2757 quasi
778 2720 1008 2755 consanguinea
1029 2720 1201 2757 sapientiae
1222 2720 1302 2747 est“.
1346 2720 1384 2746 At
1405 2722 1490 2748 certo
1512 2720 1677 2755 genetivus
1706 2720 1819 2756 legitur
1840 2719 1923 2755 apud
1946 2719 2057 2755 Vergi-

217 2771 292 2797 lium
315 2772 390 2797 Aen.
414 2770 462 2804 v1,
487 2773 541 2798 278
564 2771 814 2805 consanguineus
837 2770 889 2797 leti
909 2770 1044 2805 sopor.‘¹
