2290 3102
1013 230 1163 269 ...33
1218 252 1266 257 -..

217 339 268 388 ΙΙ,
298 338 357 387 20,
386 337 425 388 6;
454 339 520 388 IV,
551 340 610 385 23,
638 338 680 388 3;
710 339 755 387 V,
786 337 820 387 7,
848 338 892 389 4,
921 340 987 389 VI,
1015 339 1076 386 27,
1105 339 1147 389 8;
1177 340 1263 388 VII,
1293 339 1327 387 9,
1356 340 1399 388 3;
1429 338 1518 388 XII,
1549 340 1609 388 20,
1639 338 1674 378 3.
1714 339 1812 388 Quin
1840 340 1955 379 etiam
1986 351 2057 389 „eo

218 418 285 442 ma
296 406 388 453 gis“
419 408 540 443 deest:
577 406 685 453 VIII,
716 405 774 453 11,
803 407 826 443 9
855 417 951 452 quae
977 407 1079 452 (ova)
1107 417 1178 451 quo
1206 405 1357 452 propius
1386 416 1430 442 ac
1455 406 1604 443 mollius
1628 406 1848 453 deciderint,
1877 407 2063 445 illibatam

218 474 374 510 servant
400 472 670 521 integritatem.
698 472 771 509 Pro
802 474 999 519 „quanto
1027 494 1074 498 —
1103 471 1258 509 tanto“
1304 473 1402 518 apud
1444 471 1689 510 Columellam
1718 471 1832 512 etiam
1872 472 2064 510 invenitur

221 540 421 584 „quanto
451 559 497 563 ——
526 537 623 575 eo“:
653 537 742 584 XII,
773 536 831 584 23,
862 536 882 573 1
911 537 985 584 pix,
1014 540 1152 583 quanto
1179 537 1281 574 facta
1309 541 1368 574 est
1397 538 1591 584 vetustior,
1622 548 1666 574 eo
1690 538 1824 574 melior
1850 538 1888 574 in
1907 549 1976 575 usu
1992 542 2060 575 est.

218 603 308 650 XII,
337 602 397 650 30,
430 605 446 640 1
478 606 615 650 quanto
644 604 762 641 maior
789 605 916 640 aestus
945 602 1028 650 erit,
1058 614 1101 640 eo
1130 603 1281 650 saepius
1311 603 1493 640 convenit
1520 603 1649 640 vinum
1677 604 1821 641 nutriri.

403 669 556 707 Duobus
583 670 676 707 locis
705 669 915 707 Columella
942 668 982 705 in
1000 670 1163 708 secundo
1180 673 1344 710 membro
1360 670 1546 707 enuntiati
1573 669 1845 716 positivum
1872 671 2062 716 gradum

218 746 300 780 pro
329 735 675 782 comparativo,
706 735 839 781 posuit,
870 734 932 779 qui
959 745 1049 770 usus
1077 735 1124 770 ab
1154 734 1386 779 elegantium
1415 736 1638 780 scriptorum
1654 736 1925 773 consuetudine
1952 737 2065 782 plane

218 801 407 838 abhorret.
427 803 453 848 ¹)
480 801 546 847 VI,
578 802 636 848 27,
667 800 687 838 1
716 803 757 837 ut
784 810 952 846 quaeque
982 799 1160 836 materies
1189 804 1248 836 est
1287 800 1641 847 praestantior,
1684 800 1738 837 ita
1766 801 1906 838 ubere
1935 812 2064 848 campo

218 866 394 912 pascitur.
427 867 488 914 VI,
512 867 544 914 1,
566 866 587 903 3
615 866 774 914 parandi
802 868 889 902 sunt
908 866 1024 902 boves
1045 865 1213 901 cruribus
1241 865 1541 903 brevioribus
1569 867 1693 912 potius
1714 878 1823 912 quam
1850 868 2020 914 longis.
2037 868 2066 912 ²)

413 933 607 970 Postremo
631 931 804 969 adnotari
823 931 950 978 velim,
971 934 1013 967 ut
1030 931 1238 967 Varronem
1255 929 1282 977 3)
1311 931 1364 967 ita
1383 932 1625 969 Columellam
1646 944 1790 979 quoque
1811 934 2066 981 comparativo

218 997 257 1033 id
286 999 489 1034 membrum
526 998 782 1043 praemittere,
820 998 918 1041 quod
952 1007 998 1032 ex
1031 997 1216 1041 particula
1247 998 1420 1041 „quam“
1458 1000 1605 1044 pendet,
1648 1009 1678 1034 e.
1706 1010 1746 1044 g:
1790 1000 1865 1035 XII
1896 1000 2013 1046 praef.
2043 999 2065 1036 6

220 1064 341 1107 virum
371 1075 479 1109 quam
508 1064 704 1101 mulierem
732 1062 824 1100 fecit
851 1061 1104 1099 audaciorem.

1087 1152 1107 1197 ξ
1135 1151 1195 1188 51.

750 1231 822 1269 De
855 1231 1152 1271 enuntiatis
1184 1232 1553 1271 consecutivis.

404 1307 584 1343 Formula
614 1318 653 1352 „s
665 1309 744 1343 unt
772 1306 887 1353 qui“,
929 1318 1011 1343 cum
1044 1307 1141 1353 apud
1176 1317 1312 1344 aureae
1340 1306 1541 1344 latinitatis
1571 1306 1773 1353 scriptores
1810 1307 1889 1344 fere
1919 1318 2068 1355 semper

221 1370 498 1408 coniunctivum
527 1371 701 1418 asciscat,
738 1372 836 1418 apud
872 1371 1051 1408 cotidiani
1085 1372 1268 1408 sermonis
1297 1375 1471 1408 auctores
1500 1375 1720 1408 constanter
1748 1383 1829 1408 cum
1859 1374 2064 1409 indicativo

221 1438 461 1473 construitur.
478 1439 506 1482 ⁴)

403 1502 611 1539 Columella>
638 1503 905 1540 indicativo
933 1514 1022 1540 usus
1051 1506 1128 1540 est:
1158 1502 1208 1548 II,
1241 1501 1298 1548 19,
1327 1501 1350 1539 2
1379 1506 1467 1539 sunt
1494 1502 1556 1548 qui
1584 1501 1777 1539 destinant
1808 1523 1854 1527 —
1883 1505 1921 1539 et
1950 1513 2059 1550 expo-

219 1568 325 1605 liunt.
371 1568 479 1615 VIII,
514 1570 570 1615 15,
599 1567 622 1605 4
651 1571 737 1605 sunt
765 1569 896 1614 quibus
925 1568 1028 1605 cordi
1058 1572 1124 1605 est.
1171 1568 1278 1614 VIII,
1308 1566 1342 1613 3,
1372 1566 1395 1603 8
1424 1571 1511 1604 sunt
1539 1567 1601 1612 qui
1629 1588 1677 1592 —
1705 1568 1910 1613 replentur.
1956 1570 2065 1604 Addo

225 1634 336 1680 XIII,
366 1633 400 1680 9,
432 1633 447 1670 1
480 1645 573 1671 uvas
602 1635 699 1670 tales
729 1637 842 1680 creat,
872 1635 910 1671 in
938 1634 1070 1679 quibus
1102 1656 1146 1659 —
1176 1634 1415 1680 reperiuntur
1442 1634 1553 1670 acini.
1608 1633 1683 1670 Sed
1712 1633 1971 1671 coniunctivus
1999 1646 2064 1680 po-

223 1699 318 1737 situs
350 1701 431 1737 est:
461 1698 528 1747 VI,
557 1697 592 1747 7,
621 1698 643 1736 3
673 1702 759 1737 sunt
786 1699 847 1746 qui
877 1721 922 1725 —
952 1700 1127 1737 deterant
1153 1721 1203 1725 —
1230 1699 1438 1737 infundant.
1466 1699 1517 1747 II,
1546 1697 1606 1747 21,
1635 1697 1670 1736 2.

405 1767 621 1811 Argenteae
648 1765 849 1801 latinitatis
876 1766 1049 1811 propriae
1077 1769 1164 1802 sunt
1190 1767 1417 1802 locutiones:
1451 1766 1521 1812 „in
1548 1769 1735 1802 tantum
1764 1777 1845 1811 pro
1858 1767 2063 1812 cedere“,

222 1832 292 1879 „in
319 1833 504 1868 tantum
534 1831 809 1878 exuberare,
838 1830 908 1868 ut“
941 1833 979 1868 et
1006 1831 1160 1879 similes,
1189 1831 1334 1878 positae
1362 1842 1428 1878 pro
1460 1831 1746 1878 „procedere
1776 1830 1849 1868 eo“
1880 1831 1942 1869 vel
1974 1842 2064 1878 „us-

220 1907 303 1942 que
332 1906 405 1943 eo,
434 1895 520 1932 ut“.
576 1896 653 1932 Col.
679 1896 751 1943 ΙΙΙ,
780 1895 814 1942 3,
848 1895 892 1932 13
920 1899 1049 1932 nostra
1077 1907 1165 1932 cura
1192 1897 1230 1932 in
1258 1899 1402 1932 tantum
1430 1897 1627 1942 processit,
1664 1900 1705 1932 ut
1733 1918 1781 1921 —
1809 1897 1941 1933 rustici
1969 1909 2064 1934 mer·

218 1965 360 1999 centur.
412 1962 479 2009 IV,
513 1960 548 2008 6,
577 1960 599 1998 3
629 1962 810 1998 materiae
837 1962 875 1999 in
904 1964 1047 1999 tantum
1074 1964 1288 2009 prorepunt,
1322 1964 1364 1999 ut
1391 1962 1517 2010 iugum
1546 1965 1783 2009 exsuperent.
1829 1962 1896 2010 IV,
1926 1962 1986 2011 24,
2018 1962 2065 2001 19

221 2027 260 2065 in
287 2029 432 2065 tantum
467 2029 674 2074 provocant
715 2025 951 2076 (materiam),
995 2030 1036 2064 ut
1062 2030 1224 2073 nequeat
1250 2030 1389 2064 terram
1418 2028 1644 2075 contingere.
1698 2027 1768 2074 XI,
1799 2028 1832 2075 1,
1862 2027 1910 2065 28
1937 2040 1999 2065 res
2028 2029 2067 2066 in

218 2096 363 2130 tantum
392 2094 583 2140 exuberat,
617 2095 659 2129 ut
687 2114 732 2118 —
763 2093 945 2129 iacturam
972 2093 1157 2129 restituat.

408 2158 490 2207 „Ut
516 2169 571 2196 no
585 2157 632 2196 n“
676 2157 837 2205 positum
865 2158 1016 2196 videtur
1043 2169 1127 2196 esse
1154 2170 1220 2206 pro
1252 2158 1368 2206 „ne“:
1409 2159 1454 2207 V,
1484 2157 1518 2207 9,
1547 2158 1569 2195 4
1597 2159 1666 2196 hoc
1705 2157 1833 2196 facere
1873 2159 1966 2197 utile
2008 2162 2068 2198 est

220 2228 374 2272 propter
401 2225 586 2262 fossorum
616 2224 880 2272 ignorantiam,
920 2228 962 2261 ut
1003 2226 1128 2262 taleae
1165 2237 1237 2262 non
1265 2226 1472 2262 laedantur.
1526 2226 1570 2271 V,
1604 2224 1660 2271 10,
1689 2225 1712 2262 4
1746 2226 1890 2262 scrobis
1919 2227 2066 2263 clibano

392 2365 412 2402 1)
437 2366 571 2404 Draeger
592 2365 611 2394 l.
634 2365 655 2395 l.
680 2366 703 2394 11
726 2373 757 2403 p.
782 2367 837 2394 655
861 2373 909 2403 sq.

391 2417 413 2451 ²)
438 2418 528 2444 Plura
551 2418 682 2444 huiusce
703 2424 780 2444 usus
802 2417 944 2452 exempla
968 2417 1108 2444 invenies
1142 2416 1226 2452 apud
1254 2416 1395 2443 Tacitum
1433 2414 1499 2447 (cfr.
1525 2414 1661 2449 Draeger
1683 2416 1769 2451 Synt.
1802 2424 1833 2444 u.
1858 2415 1913 2444 Stil
1936 2416 1966 2445 d.
1990 2416 2063 2445 Tac.

220 2473 271 2505 pg.
295 2465 354 2502 73.)
379 2466 417 2494 At
438 2465 523 2501 quod
548 2464 754 2499 Woelfflinus,
792 2464 843 2491 vir
878 2464 1092 2499 doctissimus,
1126 2463 1239 2492 scribit
1275 2463 1348 2497 (Lat.
1386 2466 1414 2490 et
1437 2471 1516 2489 rom.
1542 2463 1689 2499 Compar.
1714 2471 1765 2500 pg.
1789 2465 1857 2498 7⁸):
1894 2465 1994 2498 „Hier
2015 2466 2068 2492 hat

219 2517 345 2544 Tacitus
367 2517 473 2543 zuerst
493 2515 559 2543 und
580 2515 739 2543 vielleicht
758 2514 850 2542 allein
872 2517 1000 2549 gewagt,
1025 2515 1056 2542 in
1079 2514 1152 2543 dem
1175 2514 1304 2542 zweilen
1326 2513 1409 2542 Glied
1434 2513 1496 2541 den
1521 2512 1639 2542 Positiv
1661 2521 1699 2542 zu
1721 2514 1866 2548 setzen“,
1891 2513 2066 2543 secundum

221 2564 277 2592 hos
297 2562 488 2592 Columellae
509 2563 596 2591 locos
617 2563 658 2590 sit
679 2562 915 2598 corrigendum.

392 2612 420 2650 ⁸)
442 2613 503 2642 Cfr.
530 2615 565 2643 G.
591 2613 757 2643 Heidrich:
781 2612 841 2642 der
859 2612 915 2641 Stil
938 2611 994 2641 des
1016 2612 1127 2642 Varro.
1152 2612 1255 2648 Progr.
1280 2610 1371 2640 Melk.
1397 2612 1484 2647 4892,
1515 2618 1565 2648 pg.
1593 2612 1641 2640 2⁴.

392 2660 414 2697 ⁴)
440 2661 500 2692 Cir.
523 2661 576 2693 Ph.
597 2661 781 2688 Thielmann
803 2661 822 2686 l.
848 2660 867 2686 l.
893 2667 960 2696 pag.
985 2663 1033 2687 87.
