2290 3102
985 168 1238 238 ...71¹-

1923 334 1995 363 pag.

619 384 656 432 e)
695 415 711 433 „
840 413 856 432 „
990 381 1204 420 causalibus
1268 411 1275 419 .
1381 411 1389 419 .
1496 413 1503 419 .
1531 383 1551 428 ξ
1578 384 1628 419 53
1882 384 1980 421 35—
1985 383 2034 422 36

617 451 649 495 f)
688 480 704 497 „
832 480 848 497 „
991 448 1310 487 condicionalibus
1383 480 1389 487 .
1495 480 1502 487 .
1530 448 1550 497 ξ
1578 447 1627 487 54
1882 448 1931 488 36

613 514 650 566 g)
690 546 705 563 „
832 545 848 564 „
991 514 1221 552 concessivis
1264 543 1272 551 .
1379 543 1387 551 .
1494 544 1502 551 .
1532 516 1551 560 ξ
1580 515 1628 552 55
1882 516 2033 554 36—37

180 598 327 664 Pars
368 598 452 664 Πῖ
823 630 893 672 De
925 629 1135 672 ratione
1159 630 1444 671 rhetorica.

358 717 482 770 caput
532 717 569 758 I:
626 716 682 754 De
710 716 909 754 verborum
936 716 1183 752 collocatione
1272 745 1278 751 .
1383 745 1390 751 .
1496 745 1502 752 .
1531 716 1550 760 ξ
1579 714 1730 752 56—58
1881 714 2032 755 38—41

432 813 448 831 „
511 783 569 820 II:
625 783 682 820 De
710 782 984 819 sententiarum
1011 784 1200 819 structura
1259 810 1266 818 .
1373 810 1380 818 .
1488 810 1496 818 .
1527 779 1546 827 ἓ
1575 778 1723 818 59—61
1878 782 2032 819 41—43

431 878 447 894 „
492 849 570 885 III:
626 848 683 885 De
711 847 894 885 sermonis
921 846 1109 885 varietate
1147 875 1155 883 .
1262 877 1268 883 .
1376 877 1382 883 .
1487 875 1494 882 .
1522 847 1541 892 ξ
1569 845 1721 883 62-65
1876 847 2029 886 43-54

432 945 448 962 „
498 913 572 951 IV:
627 912 685 950 De
712 912 896 950 sermonis
923 912 1155 948 abundantia
1182 915 1220 948 et
1247 912 1435 949 brevitate
1489 942 1497 949 .
1536 912 1555 958 ξ
1583 912 1733 949 66-71
1880 911 2033 951 54—60

431 1010 446 1027 „
516 980 569 1016 V:
625 980 683 1016 De
710 980 835 1015 colore
863 978 1047 1015 sermonis
1076 976 1338 1015 Columelliani
1378 1007 1385 1015 .
1494 1008 1500 1015 .
1529 976 1548 1024 ἓ
1578 975 1727 1014 72-76
1879 977 2031 1015 60-69

624 1046 662 1092 a)
692 1046 746 1083 De
773 1044 1070 1092 interrogatione
1150 1074 1156 1080 .
1263 1072 1271 1080 .
1378 1073 1385 1080 .
1493 1073 1499 1080 .
1528 1044 1547 1090 ξ
1577 1045 1625 1080 72
1879 1042 1925 1081 61

628 1112 666 1158 b)
696 1111 753 1147 De
781 1110 1054 1147 allitteratione
1153 1139 1160 1147 .
1382 1141 1388 1146 .
1495 1139 1502 1146 .
1530 1110 1549 1156 ξ
1579 1108 1626 1147 73
1880 1108 2033 1148 61-64

624 1177 658 1222 c)
685 1177 743 1213 De
770 1176 909 1223 figura,
937 1186 1032 1221 quae
1061 1174 1198 1212 dicitur
1227 1140 1401 1222 „litotes“
1499 1205 1504 1211 .
1533 1175 1553 1221 ξ
1582 1175 1630 1211 74
1879 1175 1971 1212 64-
1982 1176 2031 1214 66

621 1243 660 1288 d)
687 1242 745 1279 De
772 1241 1023 1279 translatione
1156 1270 1164 1279 .
1271 1270 1279 1277 .
1383 1270 1391 1278 .
1499 1271 1505 1276 .
1533 1241 1553 1286 ξ
1582 1242 1629 1277 75
1879 1239 2031 1280 66-68

619 1307 655 1355 e)
684 1307 741 1344 De
768 1305 1094 1354 personificatione
1154 1337 1160 1343 .
1267 1336 1273 1343 .
1379 1335 1387 1343 .
1495 1335 1503 1342 .
1532 1306 1551 1352 ξ
1580 1304 1629 1342 76
1867 1304 2031 1345 68-69.
