2290 3102
1032 268 1284 306 -44-

235 377 427 414 derentur.
482 377 714 423 Quamquam
744 376 782 412 in
810 377 880 413 hoe
908 377 1040 414 vitium
1068 380 1109 414 ut
1137 378 1313 414 inciderit
1340 377 1550 414 Columella
1577 379 1720 413 tantum
1760 377 1880 422 abest,
1923 378 1964 412 nt
1992 386 2088 412 sum-

233 452 333 479 mam
374 452 502 479 euram
543 452 627 479 eum
669 441 707 479 in
749 442 935 479 varianda
974 442 1144 480 oratione
1180 442 1352 489 posuisse
1380 441 1561 480 facillime
1588 442 1821 488 probandum
1849 440 1908 477 sit.
1963 441 2087 486 Atque

234 507 384 543 etiamsi
412 507 603 543 nonnullis
632 507 725 543 locis
754 508 911 543 eaedem
940 509 1002 544 vel
1031 508 1175 545 similes
1205 518 1318 545 voces
1346 507 1497 555 saepius
1525 508 1772 555 usurpantur,
1814 508 1942 544 tamen
1978 504 2089 553 pauci

234 572 273 610 hi
299 572 374 610 loci
401 572 468 610 vix
500 575 588 610 sunt
622 572 870 620 respiciendi,
918 574 950 611 si
990 576 1207 620 reputamus
1249 576 1288 611 et
1328 573 1624 620 magnitudinem
1666 573 1789 618 operis
1829 574 1868 609 et
1906 571 2085 617 loquendi

233 638 472 685 varietatem,
502 648 598 684 quae
626 648 694 685 per
719 648 847 675 omnes
876 638 1055 685 deinceps
1084 639 1202 677 libros
1232 639 1409 676 cernitur.

421 704 511 742 Jam
539 703 655 742 affero
683 705 751 741 hos
779 704 860 741 fere
888 705 1008 753 lOCOS,
1051 705 1184 752 quibus
1213 706 1422 743 Columella
1449 716 1496 742 ex
1524 706 1686 751 quadam
1713 704 1956 751 neglegentia
1985 703 2087 740 idem

236 770 299 807 vel
328 770 452 806 simile
481 771 669 815 quoddam
704 770 861 807 verbum
902 770 1054 816 saepius
1094 771 1220 817 posuit
1259 773 1325 808 aut
1352 770 1485 816 quibus
1514 771 1615 807 idem
1643 770 1917 807 sententiarum
1944 769 2090 805 initium

234 834 344 872 feeit:
386 836 515 872 utatur
553 834 765 882 praeceptis
807 845 947 883 eorum,
990 836 1053 882 qui
1089 835 1327 883 praecipiunt
1365 836 1417 883 II,
1445 836 1481 883 9,
1512 835 1545 873 1.
1588 835 1807 881 frequenter
1835 856 1881 861 —
1920 834 2091 880 frequen—

233 900 309 938 tius
339 923 383 927 —
414 900 650 946 frequentius
678 901 708 948 I,
737 899 772 947 2,
802 900 832 938 1.
879 902 987 948 panis
1023 902 1105 939 sine
1147 901 1301 939 fastidio
1343 903 1470 949 potest
1510 901 1657 938 absumi
1684 922 1733 926 —
1762 900 1905 938 milium
1949 900 2091 946 pultem

233 978 309 1003 non
350 966 621 1003 fastidiendam
653 968 813 1012 praebet
853 968 904 1013 II,
934 967 968 1013 9,
1002 966 1058 1003 19.
1115 969 1208 1004 haee
1244 978 1305 1003 res
1341 978 1415 1003 non
1442 966 1645 1003 infestatur
1671 965 1800 1002 herbis
1846 986 1895 990 —
1941 967 2091 1011 segetes

233 1042 308 1068 non
348 1029 579 1069 infestantur
619 1030 792 1079 rubigine
838 1031 890 1079 ΙΙ,
923 1030 981 1080 11,
1011 1031 1046 1070 5.
1097 1033 1273 1079 quoniam
1304 1055 1350 1059 -
1380 1032 1554 1079 quoniam
1590 1032 1642 1079 ΙΙ,
1671 1030 1706 1079 6,
1739 1032 1768 1068 1.
1805 1031 1850 1068 cf.
1878 1031 1923 1078 V,
1960 1029 2016 1078 12,
2051 1030 2095 1079 4;

235 1098 322 1144 VII,
352 1096 412 1144 12,
442 1096 485 1145 93
515 1098 602 1144 VII,
636 1096 693 1144 12,
728 1099 788 1145 11;
818 1098 927 1144 VIII,
962 1099 1017 1145 14,
1047 1097 1088 1145 6;
1117 1099 1186 1145 XI,
1216 1098 1251 1145 3,
1281 1098 1324 1146 93
1354 1099 1444 1146 XII,
1473 1098 1507 1145 4,
1542 1100 1570 1135 1.
1599 1098 1697 1135 vites
1717 1097 1857 1134 imbres
1882 1096 2089 1134 fortissime

237 1163 427 1200 sustinent
455 1186 501 1190 —
537 1163 682 1210 frigora
716 1163 906 1200 sustinent
940 1165 1012 1211 ΙΙΙ,
1042 1163 1077 1211 2,
1106 1163 1166 1201 20.
1212 1167 1369 1201 eatenus
1398 1175 1471 1210 qua
1504 1185 1553 1189 —
1591 1166 1746 1200 eatenus
1791 1174 1864 1208 qua
1899 1163 1966 1209 IV,
1996 1161 2031 1209 7,
2062 1163 2095 1198 2.

236 1228 320 1266 fieri
347 1250 396 1254 —
423 1228 466 1265 fit
492 1229 560 1276 IV,
589 1229 624 1275 9,
657 1230 686 1265 1.
721 1250 764 1254 -
797 1229 998 1276 praecipue
1033 1254 1066 1256 —
1101 1229 1302 1277 praecipue
1331 1229 1438 1276 VIII,
1477 1231 1511 1276 2,
1551 1228 1583 1266 4.
1629 1239 1676 1266 ne
1705 1228 1862 1266 obsidiis
1905 1228 2095 1265 hominum

239 1296 307 1332 aut
333 1294 597 1331 insidiatorum
627 1294 845 1331 animalium
874 1295 1099 1341 diripiantur
1127 1297 1235 1342 VIII,
1265 1295 1300 1342 2,
1328 1295 1363 1331 4.
1408 1298 1447 1332 et
1479 1295 1564 1331 ideo
1595 1316 1640 1319 —
1669 1296 1780 1340 atque
1809 1294 1893 1331 ideo
1922 1294 2029 1340 VIII,
2060 1292 2095 1340 8,

237 1358 272 1398 8.
301 1359 399 1397 ratio
427 1360 595 1407 postulat
626 1382 670 1385 —
698 1360 914 1407 grassitudo
942 1361 1150 1407 postulavit
1176 1361 1245 1407 IX,
1278 1361 1309 1408 1,
1340 1360 1373 1397 3.
1403 1361 1568 1398 fontibus
1611 1361 1730 1397 solum
1759 1361 1925 1396 abundat
1966 1360 2035 1406 IX,
2067 1359 2099 1405 1,

238 1426 263 1462 4
293 1426 354 1462 fin.
389 1447 434 1450 —
462 1426 583 1462 saltus
613 1425 810 1463 arboribus
844 1427 1021 1471 abundat,
1069 1427 1138 1473 IX,
1173 1429 1203 1473 1,
1238 1428 1281 1463 15
1310 1426 1391 1463 init.
1421 1437 1515 1471 quae
1562 1425 1737 1473 proposui
1767 1448 1812 1451 —
1844 1437 1938 1471 quae
1966 1437 2099 1472 propo-

237 1492 379 1529 suimus
409 1492 478 1539 IX,
508 1491 543 1539 4,
572 1490 605 1528 6.
627 1491 886 1529 desideremus
917 1513 963 1517 —
984 1492 1266 1529 consideremus
1293 1492 1363 1539 IX,
1393 1491 1428 1538 8,
1460 1491 1491 1528 1.
1521 1492 1656 1538 quippe
1680 1513 1724 1517 ——
1746 1491 1881 1538 quippe
1910 1503 1991 1528 cum
2030 1491 2100 1538 IX,

236 1558 272 1603 9,
304 1557 336 1593 1.
366 1557 469 1604 rigor
496 1558 646 1603 (aquae)
677 1579 721 1583 —
753 1558 856 1603 rigor
901 1558 1073 1605 (prunae)
1116 1557 1184 1604 IX,
1216 1557 1272 1594 14.
1303 1559 1334 1594 7.
1376 1557 1566 1604 relinquat
1594 1578 1642 1583 -
1678 1557 1840 1603 relinqui
1881 1557 1950 1604 XI,
1981 1555 2014 1604 1,
2040 1555 2094 1593 18.

237 1623 439 1669 praecipue
471 1644 517 1648 —-
545 1622 749 1669 praecipua
777 1623 845 1670 XI,
880 1625 910 1669 1,
939 1621 998 1659 26.
1027 1623 1237 1660 iacentibus
1268 1645 1313 1649 —
1344 1623 1543 1660 subiacens
1573 1623 1642 1670 XI,
1672 1621 1706 1669 3,
1736 1621 1795 1660 62.
1843 1623 1948 1660 valet
1977 1622 2095 1669 expli-

238 1699 325 1726 care
355 1711 400 1715 —
431 1688 632 1735 plurimum
660 1689 766 1726 valet
793 1689 882 1735 XII,
912 1688 947 1735 2,
976 1691 1009 1726 5.
1038 1689 1176 1726 vitioso
1207 1689 1453 1725 medicamine
1481 1689 1624 1725 fruetus
1662 1690 1819 1726 vitiatur
1847 1689 1937 1735 XII,
1967 1690 2026 1735 20,
2063 1691 2093 1724 1.

238 1765 322 1791 cum
350 1764 412 1790 res
441 1753 612 1801 exegerit
643 1775 687 1778 —
717 1765 798 1790 cuni
828 1754 999 1802 exegerit
1025 1765 1115 1791 usus
1144 1754 1235 1801 XII,
1265 1752 1325 1801 46,
1354 1755 1386 1791 5.
1424 1757 1502 1792 tres
1531 1754 1710 1792 materias
1746 1754 1937 1801 relinquas
1967 1777 2013 1781 ——
2043 1765 2099 1791 re-

236 1821 377 1865 liquam
406 1823 552 1865 partem
580 1823 750 1865 amputes
780 1821 890 1866 XIII,
920 1821 954 1866 5,
984 1820 1017 1856 2.
1059 1820 1283 1856 arbusculae
1313 1821 1466 1855 easdem
1501 1820 1597 1856 coeli
1625 1822 1753 1865 partes
1780 1819 1977 1866 aspiciant,
2007 1829 2098 1865 quas

238 1887 326 1923 ante
355 1887 634 1932 conspexerunt
668 1884 779 1932 XIII,
823 1884 881 1932 17,
911 1885 945 1923 4.
981 1886 1169 1933 Quantum
1212 1897 1296 1922 mea
1336 1886 1410 1923 fert
1438 1886 1561 1932 opinio
1590 1887 1620 1932 I,
1650 1885 1684 1932 3,
1715 1885 1736 1922 7
1767 1907 1813 1912 —-
1844 1888 1885 1922 ut
1913 1896 1997 1921 mea
2024 1885 2100 1922 fert

238 1951 362 1996 opinio
391 1951 421 1996 I,
450 1950 485 1997 3,
515 1950 550 1986 9.
580 1950 717 1987 deinde
746 1962 828 1987 eum
858 1951 1006 1987 exaruit
1033 1951 1064 1997 I,
1093 1949 1128 1997 6,
1165 1950 1206 1987 13
1236 1972 1284 1975 —
1313 1951 1448 1988 deinde
1477 1961 1559 1988 eum
1601 1950 1750 1987 exaruit
1790 1949 1820 1997 I,
1857 1948 1891 1997 6,
1943 1949 1996 1988 14.
2026 1962 2097 1997 quo

237 2017 366 2055 evenit
393 2018 444 2063 ΙΙ,
474 2016 509 2064 4,
539 2015 561 2054 6
593 2039 638 2042 --
668 2028 739 2063 quo
769 2018 897 2055 evenit
925 2018 975 2064 ΙΙ,
1003 2018 1039 2064 4,
1069 2016 1103 2054 7.
1135 2018 1215 2063 ipse
1245 2018 1407 2063 comperi
1436 2018 1502 2064 IV,
1518 2016 1579 2063 29,
1610 2016 1657 2054 15
1687 2039 1733 2043 —
1764 2029 1832 2054 nos
1850 2017 2097 2063 comperimus

238 2083 304 2130 IV,
335 2081 396 2129 29,
432 2084 485 2119 16.
524 2085 583 2120 est
611 2083 725 2120 etiam
833 2086 892 2120 est
920 2086 958 2120 ot
986 2083 1052 2129 Vl,
1089 2084 1143 2129 17,
1176 2083 1207 2120 1.
1238 2083 1327 2120 facit
1356 2083 1454 2120 idem
1488 2106 1528 2109 —
1560 2082 1652 2120 facit
1680 2086 1718 2120 ct
1746 2084 1811 2130 VI,
1843 2082 1902 2130 17,
1932 2082 1966 2120 7.
1997 2083 2098 2120 simi-

237 2149 327 2186 liter
354 2148 386 2185 si
415 2149 460 2194 V,
490 2148 524 2194 3,
554 2148 577 2185 3
607 2171 652 2174 —
684 2148 861 2186 similiter
889 2149 921 2185 si
950 2150 995 2195 V,
1025 2149 1060 2195 3,
1090 2149 1123 2185 4.
1162 2150 1286 2186 solent
1314 2150 1428 2185 etiam
1458 2172 1501 2175 —
1534 2150 1658 2185 solent
1686 2150 1799 2186 etiam
1828 2150 1873 2195 V,
1903 2151 1938 2196 9,
1973 2150 2029 2186 16.
2051 2161 2097 2186 ex

239 2224 310 2260 quo
339 2214 474 2251 arbore
502 2213 673 2251 inserere
702 2215 808 2253 voles
848 2237 893 2241 —
933 2226 1043 2260 qilam
1071 2214 1240 2253 inserere
1270 2216 1375 2254 voles
1410 2216 1454 2263 V,
1487 2214 1545 2263 11,
1575 2217 1598 2252 3
1628 2238 1673 2242 ——
1704 2216 1886 2262 surculos,
1924 2226 2014 2261 quos
2044 2215 2097 2252 in-

238 2293 367 2318 serere
397 2282 502 2318 voles
532 2281 577 2326 V,
613 2280 668 2326 11,
698 2282 721 2317 4
752 2303 794 2306 —
829 2282 860 2316 si
898 2282 1074 2325 pusillam
1113 2282 1283 2317 arborem
1320 2282 1489 2317 inserere
1532 2282 1638 2318 voles
1677 2282 1721 2328 V,
1756 2280 1811 2327 ll,
1843 2280 1864 2316 7
1895 2302 1939 2306 —-
1963 2291 2010 2317 ex
2038 2291 2100 2317 ar-

238 2348 340 2394 bore,
370 2348 416 2383 de
446 2358 518 2392 qua
546 2347 716 2384 inserere
745 2347 851 2383 voles
881 2347 926 2393 V,
962 2346 1016 2393 ll,
1047 2345 1069 2383 9
1099 2369 1143 2372 —
1176 2346 1379 2395 cacumina,
1423 2358 1519 2393 quae
1546 2347 1715 2385 inserere
1743 2347 1849 2385 voles
1879 2347 1924 2394 V,
1956 2345 2015 2393 11,
2038 2346 2097 2384 14.

239 2414 391 2450 dubium
421 2425 494 2450 non
522 2416 582 2450 est
601 2413 688 2459 quin
709 2413 763 2449 VI
783 2412 900 2459 praef.
922 2412 944 2447 5
964 2423 1097 2448 —nec
1125 2413 1275 2449 dubium
1304 2413 1390 2458 quin
1421 2414 1473 2449 Vl
1503 2413 1619 2459 praef.
1649 2415 1680 2449 7.
1708 2424 1816 2449 nemo
1836 2412 1984 2449 dubitat
2011 2412 2098 2458 quin

238 2480 304 2526 VI,
334 2480 369 2525 3,
398 2478 421 2515 2
454 2501 494 2505 —
527 2490 636 2516 nemo
665 2478 813 2516 dubitat
840 2478 928 2524 quin
958 2478 1023 2524 VI,
1052 2477 1086 2524 3,
1115 2478 1139 2513 4
1171 2500 1203 2502 --
1245 2489 1313 2515 nec
1341 2478 1491 2515 dubium
1521 2482 1580 2515 est
1608 2479 1697 2524 quin
1725 2478 1790 2525 VI,
1820 2477 1854 2525 3,
1885 2479 1920 2514 5.

426 2555 595 2601 Apparet
622 2556 689 2592 lias
719 2554 965 2601 repetitiones
994 2565 1068 2590 non
1097 2565 1224 2591 omnes
1246 2555 1373 2592 statim
1395 2554 1617 2592 manifestas
1648 2566 1732 2592 esse
1753 2557 1791 2592 ct
1819 2555 1865 2592 ab
1887 2566 1930 2591 eo
1951 2556 2097 2592 tantum

238 2621 505 2666 animadverti,
549 2621 610 2665 qui
652 2621 780 2657 dedita
817 2631 932 2666 opera
969 2620 1132 2656 animum
1172 2622 1217 2655 ad
1254 2631 1317 2656 eas
1347 2622 1530 2668 attendat,
1572 2621 1793 2668 quibusdam
1837 2623 1962 2658 tamen
2004 2620 2097 2658 locis

237 2687 303 2727 vix
351 2686 489 2726 evitari
538 2687 717 2735 potuisse.
799 2688 851 2724 At
899 2688 1131 2733 quantopere
1179 2687 1385 2724 Columella
1423 2688 1606 2724 eiusmodi
1642 2688 1887 2734 repetitiones
1934 2687 2097 2734 effugere
