2290 3102
988 216 1242 256 ——53—

372 328 411 375 b)
442 328 481 365 in
508 327 685 365 membris
713 327 939 366 coniunctis:
969 340 1050 375 (1116
1081 351 1126 354 -
1148 331 1196 366 61
1218 328 1470 375 (8661118811116)
1500 341 1532 366 6.
1552 341 1585 375 g.
1621 328 1672 376 II,
1688 330 1723 375 9,
1740 327 1762 366 3
1783 329 1900 365 (161186
1921 329 2041 365 61610-

188 403 304 440 saque
342 394 381 430 et
408 392 596 441 uliginosa
635 393 779 431 humus.
822 394 867 441 V,
896 393 931 442 5,
964 393 1010 431 14
1038 394 1164 441 opacis
1192 393 1288 431 locis
1316 393 1551 439 humidisque
1580 397 1618 430 et
1644 393 1804 440 frigidis.
1848 394 1892 440 V,
1927 392 1983 439 11,
2017 393 2040 428 ὅ

188 460 354 506 arbores,
384 470 479 505 quae
498 458 688 496 humidum
704 471 971 506 succosumque
999 463 1038 497 et
1064 460 1232 498 validum
1259 460 1397 496 librum
1415 460 1565 497 habent.
1595 462 1736 505 atque
1767 481 1812 485 —
1834 471 1939 505 que:
1970 459 2036 504 IV,

188 523 248 572 30,
278 525 301 562 2
329 525 466 562 salices
495 524 696 563 viminales
724 527 836 572 atque
863 525 1089 563 arundineta
1122 525 1375 572 vulgaresque
1408 525 1540 563 silvae.
1588 535 1670 571 que
1717 546 1758 550 —-
1798 535 1850 562 ac
1890 525 1959 572 XI,
2008 522 2038 570 1,

185 589 234 627 27
255 590 337 627 cibo
361 590 553 637 quietique
581 602 626 628 ac
653 602 793 629 somno.
824 592 869 628 cf.
896 592 962 639 VI,
991 590 1054 639 29,
1081 589 1123 638 23
1152 591 1239 638 VII,
1268 591 1303 638 5,
1332 589 1393 627 22.
1442 594 1506 645 61ν
1527 611 1570 615 -
1606 593 1761 636 61(1116;
1806 592 1850 637 V,
1890 591 1949 638 10,
1990 592 2036 630 19

190 656 292 693 sorbi
319 667 464 702 quoque
492 659 531 693 61
557 657 762 694 armeniaci
789 659 901 703 atque
928 656 1068 703 persici
1099 667 1174 693 non
1207 656 1361 694 minima
1402 659 1461 694 est
1501 656 1635 703 gratia.
1679 655 1725 693 cf.
1755 656 1809 693 VI
1842 657 1959 703 praef.
1993 657 2036 706 6,

189 723 228 759 61
255 720 416 768 866111118.
463 721 533 768 ΧΙ,
563 722 596 769 2,
627 720 674 759 15
701 722 795 760 10618
825 721 1023 760 maritimis
1052 723 1091 759 et
1118 721 1252 759 calidis
1280 733 1324 759 ac
1357 722 1480 760 siccis.
1526 724 1572 760 et
1602 743 1647 747 —
1676 724 1723 758 ct
1751 744 1796 748 —
1827 734 1932 769 que:
1971 724 2037 771 VI,

189 787 250 835 29,
278 786 302 823 2
330 787 434 824 (111118
462 788 611 834 ungulis
640 791 679 824 et
705 788 795 825 altis
824 791 864 824 et
890 788 1067 826 concavis
1094 788 1352 833 rotundisque.
1382 788 1428 824 cf.
1458 788 1509 834 II,
1540 788 1575 844 9,
1604 790 1644 836 83
1674 788 1743 834 XI,
1773 788 1807 834 2,
1839 788 1896 826 19.
1925 792 1970 826 61
1993 811 2038 815 ἡ

189 856 235 892 61
262 876 308 881 -
339 865 425 901 (1116
455 876 500 880 -
530 856 589 893 et:
636 854 723 903 VH,
756 855 814 903 12,
846 853 865 892 1
905 857 944 893 61
973 853 1104 893 villam
1132 856 1171 892 et
1197 853 1340 893 fructus
1370 854 1626 902 familiamque
1655 856 1695 893 et
1720 865 1868 902 pecora.
1916 857 1966 893 et
1994 876 2043 881 —

188 931 269 966 que
298 943 343 947 —
375 922 438 957 et:
484 921 535 968 ΙΙ,
564 923 599 968 9,
628 920 651 958 3
678 921 906 958 frumentum
934 932 1064 967 campo
1092 923 1247 967 patente
1276 923 1314 958 et
1350 923 1398 957 ad
1440 922 1559 958 solem
1599 932 1716 967 prono
1758 921 1959 967 apricoque
2001 924 2040 958 et

189 986 312 1023 soluto
341 987 519 1024 laetatur.
548 988 578 1034 I,
609 987 643 1035 2,
672 988 695 1024 3
723 988 834 1034 prata
861 988 899 1024 61
926 998 1019 1025 arva
1045 986 1253 1034 salictaque
1282 990 1321 1025 61
1347 987 1580 1025 61111111111616.
1608 987 1674 1035 IV,
1706 986 1765 1035 11,
1799 988 1814 1024 1
1846 986 2039 1035 Vergilius

189 1052 228 1089 et
254 1051 419 1089 Saserna
448 1051 696 1099 Stolonesque
725 1054 763 1089 61
791 1052 964 1089 Catones.
1018 1062 1108 1098 que
1140 1073 1185 1077 —
1215 1055 1262 1090 et
1291 1074 1335 1077 —
1366 1055 1528 1098 atque:
1571 1054 1657 1100 VII,
1691 1054 1726 1100 6,
1764 1052 1787 1089 2
1815 1052 1923 1099 nigro
1952 1054 2041 1089 den-

190 1130 307 1163 soque
338 1121 376 1154 et
402 1119 521 1155 nitido
549 1122 661 1163 atque
689 1119 909 1165 longissimo
934 1119 1022 1164 pilo.
1076 1121 1116 1155 et
1144 1142 1190 1147 -
1220 1130 1309 1165 que
1338 1143 1384 1146 —
1414 1131 1467 1156 ac
1495 1120 1564 1166 IX,
1608 1119 1668 1166 10,
1711 1119 1731 1156 1
1775 1131 1865 1166 apes
1894 1120 2040 1165 pulchri

189 1181 325 1221 coloris
368 1184 406 1222 et
445 1182 556 1221 nitidi
595 1183 776 1231 levesque
817 1194 862 1222 ac
902 1182 984 1222 sine
1011 1183 1100 1232 pilo.
1137 1185 1278 1231 atque
1306 1206 1352 1210 —
1383 1185 1430 1221 et
1459 1205 1504 1209 —
1534 1186 1597 1221 et:
1642 1183 1733 1232 XII,
1771 1181 1805 1231 8,
1843 1182 1866 1221 3
1896 1182 2042 1220 semina

189 1250 378 1287 coriandri
405 1253 518 1296 atque
545 1251 675 1287 anethi
702 1253 742 1287 et
767 1252 889 1298 thymi
917 1254 956 1288 et
982 1251 1069 1297 apii.
1106 1262 1190 1296 que
1220 1272 1266 1276 —
1295 1253 1340 1287 61
1369 1272 1414 1276 -
1444 1262 1548 1296 (1116;
1576 1252 1606 1297 Ι,
1635 1250 1670 1297 5,
1700 1249 1722 1287 6
1750 1251 2040 1287 instrumentum

188 1314 369 1353 rusticum
397 1315 770 1363 suppellectilemque
799 1318 837 1354 61
864 1316 1075 1354 inconditos
1104 1315 1349 1362 conditosque
1377 1315 1532 1353 fructus.
1562 1319 1672 1362 atqu
1688 1326 1709 1353 e
1730 1337 1776 1341 —
1798 1326 1882 1362 que
1905 1337 1949 1340 —
1980 1317 2040 1352 et:

188 1381 261 1430 ΙΙΙ,
290 1380 324 1429 1,
353 1380 375 1418 3
404 1382 539 1430 gracili
565 1384 678 1429 atque
705 1382 835 1430 pingui
861 1385 965 1419 terra
991 1382 1166 1429 siccaque
1195 1385 1234 1419 et
1260 1382 1459 1430 uliginosa.
1517 1385 1561 1419 et
1599 1404 1645 1408 —
1676 1384 1720 1420 et
1750 1403 1795 1408 —
1825 1384 1962 1428 atque
1993 1403 2038 1407 —

162 1440 292 1494 ‘quez
334 1448 404 1497 XI,
433 1447 468 1497 2,
498 1447 545 1486 26
573 1449 696 1487 661681
724 1451 762 1487 61
788 1450 940 1487 tuberes
972 1451 1012 1487 et
1052 1449 1289 1488 armeniacae
1322 1451 1435 1496 atque
1472 1449 1696 1497 amygdalae
1730 1451 1954 1495 ceteraeque
1982 1460 2038 1486 ar-

189 1514 315 1552 bores.
369 1517 510 1562 atque
540 1537 587 1541 —
616 1526 702 1561 que
733 1537 779 1541 —
807 1526 893 1553 nec
919 1516 1088 1554 minus:
1118 1516 1206 1564 VII,
1235 1514 1270 1563 6,
1301 1515 1339 1554 l:
1375 1516 1531 1553 arbutus
1560 1518 1673 1562 atque
1715 1516 1909 1553 alaternus
1948 1515 2040 1562 cyti-

190 1591 328 1627 susque
355 1582 518 1629 agrestis
545 1593 615 1620 nec
643 1582 764 1620 minus
788 1581 921 1630 ilignei
947 1582 1174 1629 querneique
1201 1582 1367 1621 frutices.

376 1646 440 1698 23)
467 1648 565 1686 Item
593 1648 802 1686 Columella
827 1648 953 1686 variat
995 1649 1264 1695 particulas
1299 1649 1641 1686 disiunctivas:
1682 1648 1762 1685 vel
1792 1670 1837 1673 —
1867 1650 1962 1685 aut:
1990 1647 2042 1694 ΙΙ,

191 1712 226 1762 2,
256 1713 301 1752 11
332 1725 446 1762 8111161
472 1714 629 1753 66166118
658 1715 888 1762 cupressinis
916 1715 980 1754 vel
1006 1714 1128 1763 pineis
1158 1717 1222 1753 aut
1249 1714 1336 1753 aliis
1364 1714 1572 1753 frondibus.
1628 1714 1700 1763 ΙΙΙ,
1737 1712 1796 1762 12,
1840 1712 1860 1751 1
1900 1715 2041 1751 16116111

191 1792 316 1818 1616111
343 1781 407 1819 vel
433 1782 602 1828 densam,
630 1782 754 1819 levem
783 1785 848 1819 aut
874 1792 1039 1829 gravem.
1067 1782 1134 1828 IV,
1163 1782 1198 1829 8,
1227 1782 1250 1818 3
1278 1781 1422 1827 aliquid
1441 1780 1518 1817 fimi
1537 1782 1600 1817 vel
1633 1780 1837 1817 columbini
1864 1779 2042 1817 stercoris

192 1850 258 1885 aut
296 1848 438 1885 veteris
478 1848 622 1885 urinae.
664 1849 731 1895 IV,
776 1848 834 1895 13,
876 1848 899 1886 2
941 1849 1091 1896 genista
1126 1849 1189 1886 vel
1217 1848 1353 1895 Juncus
1389 1850 1455 1885 aut
1494 1848 1596 1885 ulva.
1651 1846 1717 1894 VI,
1764 1844 1820 1893 16,
1867 1847 1882 1883 1
1927 1856 2041 1892 saepe

194 1912 256 1950 vel
287 1912 477 1960 gravitate
511 1913 615 1960 longi
655 1913 796 1950 laboris
834 1914 897 1951 vel
925 1913 965 1950 in
991 1914 1266 1960 proscindendo
1295 1915 1360 1950 aut
1388 1913 1531 1950 duriori
1559 1913 1638 1949 solo
1668 1914 1732 1948 aut
1761 1911 1894 1961 obviae
1924 1910 2044 1947 radici

192 1978 405 2015 obluctatus
434 1979 616 2015 convellit
643 1990 778 2016 armos.
820 1979 1014 2026 (saepius).
1057 1982 1133 2016 aut
1161 2002 1206 2005 —
1229 1990 1304 2017 ve:
1347 1980 1398 2026 II,
1437 1980 1472 2026 8,
1501 1981 1524 2016 3
1554 1978 1735 2016 imbribus
1763 1980 1828 2014 aut
1853 1976 2043 2024 gelicidiis

192 2043 397 2091 pruinisve.
450 2044 531 2092 ΙΙΙ,
574 2042 641 2092 20,
685 2043 707 2082 6
748 2047 902 2092 111011161
943 2044 1229 2083 similitudinem
1280 2044 1417 2082 coloris
1464 2046 1529 2082 aut
1574 2043 1697 2081 trunci
1746 2041 2042 2090 flagellorumve.

192 2109 262 2158 IX,
310 2108 343 2157 1,
390 2108 412 2147 7
467 2120 561 2158 oryx
606 2112 671 2147 aut
714 2121 806 2157 aper
850 2111 997 2149 aliusve
1044 2111 1128 2157 quis
1161 2110 1276 2148 ferus.
1329 2111 1400 2158 IX,
1434 2109 1469 2157 7,
1512 2112 1526 2147 1
1572 2110 1726 2146 lacertis
1767 2111 1832 2146 aut
1859 2108 2043 2155 anguibus

193 2175 329 2214 aliisve
355 2175 478 2214 noxiis
506 2175 742 2214 animalibus.
777 2176 847 2225 IX,
877 2175 912 2225 9,
941 2175 964 2214 6
993 2180 1059 2215 aut
1086 2178 1205 2215 mulso
1233 2180 1392 2225 pastove
1422 2180 1486 2215 aut
1523 2177 1646 2223 aliquo
1673 2175 1828 2222 liquore.
1864 2175 1955 2223 XII,
1994 2174 2039 2213 31

194 2254 350 2291 serpens
378 2245 444 2281 aut
482 2254 563 2281 mus
606 2253 778 2281 sorexve.
821 2246 896 2281 aut
924 2266 970 2271 —
1013 2245 1087 2282 vel
1117 2266 1162 2271 —
1191 2256 1265 2283 ve:
1308 2244 1395 2292 VH,
1423 2244 1459 2292 4,
1508 2245 1530 2280 2
1570 2243 1714 2280 aridam
1761 2242 1933 2280 frondem
1979 2244 2044 2279 aut

194 2310 333 2347 siccam
361 2310 424 2348 vel
452 2310 611 2347 viridem
638 2309 822 2347 medicam
849 2310 1070 2357 cytisumve.

348 2384 413 2433 24)
439 2386 557 2424 Porro
586 2385 739 2424 variant
764 2386 1039 2433 particulae
1067 2386 1362 2435 copulativae
1390 2389 1434 2423 et
1461 2384 1802 2423 disiunctivae:
1831 2385 1972 2422 vel—
1994 2396 2044 2422 ac

195 2473 242 2479 —
259 2454 339 2489 aut
361 2453 377 2488 1
400 2451 518 2499 praef.
548 2450 596 2489 32
624 2452 832 2499 sagacitem
851 2452 1059 2490 Democriti
1086 2454 1150 2491 vel
1176 2454 1415 2501 Pythagorae
1433 2473 1477 2477 —
1497 2451 1660 2488 Metonis
1681 2452 1960 2498 providentiam
1978 2453 2044 2488 vel

195 2517 344 2555 Eudoxi
361 2540 407 2544 —
425 2518 633 2555 doctrinam
662 2517 833 2555 Chironis
862 2529 906 2554 ac
933 2518 1184 2565 Melampodis
1215 2541 1260 2545 —-
1282 2517 1503 2564 Triptolemi
1531 2520 1597 2554 aut
1620 2517 1766 2555 Aristei
1792 2517 2042 2564 prudentiam.

196 2586 397 2629 616116-
419 2586 513 2621 6111;
541 2584 592 2631 ΙΙ,
623 2582 658 2631 8,
688 2583 711 2621 3
739 2583 832 2621 10618
859 2583 1058 2630 uliginosis
1087 2586 1198 2630 atque
1227 2584 1388 2621 exilibus
1416 2586 1482 2620 aut
1508 2583 1657 2630 frigidis
1678 2586 1744 2620 aut
1770 2584 1885 2621 etiam
1904 2584 2043 2631 opacis.

197 2660 284 2697 que
300 2671 346 2677 -
368 2650 468 2688 6111;
489 2648 561 2699 ΙΠ,
581 2647 642 2699 21,
662 2650 685 2688 5
706 2647 907 2698 vindemia,
933 2658 1030 2696 quae
1049 2648 1267 2697 plerumque
1287 2648 1591 2697 populationibus
1615 2649 1810 2688 volucrum
1833 2649 2047 2698 pluviisque
