2290 3102
987 227 1239 266 „63ss

188 342 277 389 VH,
309 342 367 388 12,
397 339 430 377 1.
483 340 674 377 frumenta
702 341 741 376 et
766 338 846 377 favi
886 338 956 387 IX,
987 337 1046 386 14,
1076 339 1109 376 5.
1156 348 1278 384 neque
1305 336 1427 375 fumus
1455 348 1575 384 neque
1604 336 1723 385 fuligo
1760 334 1852 385 XII,
1881 334 1944 385 52,
1974 333 2034 374 13.

193 408 308 446 fundo
335 405 577 453 familiaeque
619 405 684 453 ΧΙ,
718 407 748 453 1,
777 407 810 442 3.
864 405 990 453 ignem
1018 407 1057 441 et
1083 403 1297 441 incendium
1328 403 1381 450 II,
1413 401 1470 445 18,
1503 405 1534 440 1.
1587 402 1705 440 labris
1734 400 1939 451 (vasorum)
1974 404 2040 439 aut

190 473 375 511 lateribus
416 472 507 520 XII,
536 470 595 520 23,
628 473 660 509 2.
713 473 888 509 laedatur
915 474 980 508 aut
1007 470 1216 507 delibretur
1256 470 1302 517 V,
1332 471 1367 516 6,
1398 467 1454 506 16.
1509 469 1647 507 Libero
1675 468 1911 514 Liberaeque
1947 468 2038 515 XII,

192 538 251 589 17,
280 539 315 577 4.
352 538 392 577 in
419 537 693 587 longitudinem
720 538 845 585 potius
873 548 983 584 quam
1010 536 1049 574 in
1076 535 1315 573 latitudinem
1344 535 1409 583 IV,
1439 536 1500 582 31,
1529 533 1563 572 2.
1604 534 1851 581 longitudinis
1880 545 1924 571 ac
1950 534 2038 571 lati-

189 606 331 643 tudinis
358 605 431 652 III,
461 604 520 651 13,
551 603 609 641 13.
636 604 779 641 maiora
805 606 918 649 atque
946 603 1104 640 meliora
1130 602 1209 638 XII
1236 600 1354 648 praef.
1382 599 1416 638 7.
1443 600 1693 638 mediocribus
1721 600 1785 637 vel
1821 600 1957 637 macris
1985 600 2036 647 Π,

191 671 226 721 9,
254 670 288 710 2.
317 671 441 710 mellis
470 673 536 708 aut
563 671 674 708 mulsi
702 670 791 718 XII,
821 668 882 717 49,
911 667 944 706 6.
973 668 1185 706 morborum
1213 669 1252 705 et
1278 667 1529 705 remediorum
1556 667 1644 714 VII,
1674 665 1708 714 5,
1740 668 1772 703 1.
1799 666 1970 703 novellos
1999 668 2039 703 et

191 739 331 777 nitidos
359 739 514 785 (ramos)
542 738 588 784 V,
618 737 677 785 11,
707 737 747 786 9,
777 737 888 784 XIII,
918 734 977 783 26,
1007 737 1039 773 8.
1069 735 1206 782 pabula
1238 737 1303 772 aut
1330 734 1444 772 etiam
1471 745 1613 781 pascua
1640 733 1725 781 VII,
1755 732 1790 780 3,
1819 731 1878 771 20.
1906 733 2037 780 paleas

191 808 256 843 aut
281 805 476 852 pulverem
504 804 573 851 XI,
603 803 637 851 3,
666 805 701 841 9.
744 802 887 850 pallido
917 804 956 839 et
982 811 1078 849 pexo
1107 798 1226 849 (folio)
1254 800 1323 847 XI,
1353 799 1387 846 3,
1416 799 1475 837 26.
1512 799 1684 846 partibus
1712 802 1751 837 et
1777 799 1959 845 paulatim
1987 798 2038 845 ΙΙ,

192 871 226 918 3,
256 870 290 908 2.
320 871 440 917 magis
468 870 698 916 pampinatio
726 877 837 915 quam
864 868 1008 915 putatio
1036 867 1103 913 IV,
1131 864 1193 913 27,
1223 867 1254 903 2.
1283 866 1390 912 panis
1418 866 1656 913 potionisque
1685 863 1921 915 (bonitatem)
1949 865 1980 912 I,
2001 863 2037 912 8,

196 939 253 975 18.
281 947 410 984 campo
438 939 591 983 patente
619 941 658 972 et
685 936 748 982 (ad
776 934 909 980 solem)
936 944 1052 981 prono
1080 932 1131 979 ΙΙ,
1160 930 1195 979 9,
1224 930 1258 968 3.
1313 932 1613 978 pavimentorum
1659 935 1698 968 et
1724 931 1911 978 parietum
1936 930 1966 977 I,
1996 929 2033 977 6,

193 1002 252 1040 16.
281 1002 486 1049 pecudibus
515 1005 627 1047 atque
655 1001 889 1048 pastionibus
917 1000 986 1047 IX,
1016 997 1075 1045 16,
1106 999 1138 1034 2.
1170 997 1350 1045 (nomina)
1381 1002 1419 1034 et
1437 998 1619 1044 pecuniae
1638 1000 1678 1034 et
1696 997 1835 1044 peculii
1849 997 1904 1034 VI
1917 996 2036 1044 praef.

191 1068 226 1106 4.
255 1079 461 1116 perpensas
491 1068 781 1114 exploratasque
827 1077 888 1104 res
918 1065 937 1103 1
967 1065 1083 1113 praef.
1113 1062 1172 1101 29.
1229 1074 1453 1111 perpensum
1481 1067 1519 1101 et
1564 1063 1799 1110 exploratum
1835 1063 1907 1111 III,
1937 1062 1972 1110 3,
2004 1062 2035 1100 1.

191 1142 284 1169 vasa
313 1131 408 1168 bene
436 1129 583 1177 piccata
611 1134 649 1167 et
676 1140 770 1176 pura
797 1128 886 1176 XII,
916 1126 976 1176 28,
1005 1129 1041 1166 3.
1069 1129 1218 1176 piccata
1243 1133 1542 1177 praeparataque
1570 1130 1675 1177 ligna
1702 1130 1771 1177 XI,
1802 1128 1837 1177 2,
1867 1129 2039 1167 71.10018

192 1196 390 1245 pinguibus
420 1198 458 1233 et
486 1196 609 1243 planis
638 1195 749 1242 XIII,
797 1194 832 1242 3,
865 1195 894 1231 1.
948 1195 1097 1243 pinguis
1144 1206 1188 1232 ac
1214 1196 1334 1242 putris
1380 1196 1432 1243 II,
1462 1197 1496 1242 2,
1526 1197 1560 1232 5.
1599 1196 1700 1242 piros
1729 1199 1768 1232 et
1800 1206 1939 1242 prunos
1968 1196 2040 1242 III,

194 1263 252 1309 11,
282 1262 316 1299 5.
344 1264 539 1309 plagarum
569 1265 607 1298 et
633 1262 813 1308 penuriae
841 1262 927 1308 VII,
958 1260 994 1308 1,
1023 1262 1055 1297 2.
1085 1262 1219 1307 planus
1249 1266 1287 1298 et
1313 1261 1461 1307 pinquis
1490 1261 1556 1307 IV,
1586 1260 1646 1306 30,
1676 1260 1710 1298 3.
1738 1272 1859 1308 neque
1886 1261 2039 1307 pluviae

193 1340 314 1375 neque
341 1328 497 1375 pruinae
525 1328 592 1374 IV,
622 1326 682 1375 20,
711 1327 746 1365 4.
800 1327 1013 1374 pluviarum
1039 1327 1375 1375 procellarumque,
1403 1327 1470 1374 IV,
1505 1325 1561 1374 17,
1593 1327 1623 1364 7.
1669 1329 1821 1374 praeter
1847 1327 2039 1374 polentam

193 1397 232 1431 et
258 1394 438 1441 pollinem
467 1393 573 1440 VIII,
608 1392 664 1440 14,
696 1392 753 1429 11.
807 1392 1012 1438 porticibus
1041 1403 1085 1429 ac
1124 1392 1302 1439 pomariis
1325 1392 1383 1429 IX
1416 1392 1533 1438 praef.
1562 1391 1595 1428 2.
1649 1393 1801 1438 potione
1839 1395 1878 1429 et
1903 1393 2041 1439 pabulo

192 1460 278 1508 VII,
310 1458 368 1508 10,
398 1459 432 1497 5.
475 1462 723 1506 praeparatae
752 1462 791 1495 et
816 1459 980 1505 pectitae
1007 1459 1117 1496 lanae
1146 1458 1236 1506 XII,
1264 1459 1300 1506 3,
1329 1456 1363 1495 6.
1390 1458 1430 1495 in
1457 1460 1567 1505 prata
1595 1460 1633 1495 et
1660 1459 1708 1495 ad
1735 1458 1901 1505 piscinas
1930 1459 2039 1507 VIII,

195 1526 254 1574 14,
284 1525 317 1564 8.
346 1526 465 1573 pratis
493 1526 556 1564 vel
583 1525 733 1572 pascuis
761 1525 812 1572 II,
843 1525 877 1573 2,
906 1523 942 1563 7.
987 1528 1177 1572 pratorum
1205 1524 1485 1572 possessionem
1514 1535 1810 1572 pascuorumque
1837 1525 1910 1573 III,
1940 1523 1975 1573 3,
2010 1526 2042 1563 1.

196 1593 361 1640 priorum
389 1583 452 1630 vel
479 1591 734 1639 praesentium
763 1591 794 1638 I,
822 1591 858 1638 4,
888 1590 923 1628 4.
952 1601 1047 1637 quae
1081 1591 1276 1638 probanda
1302 1591 1379 1628 sint
1406 1602 1516 1637 quam
1562 1602 1657 1637 quae
1684 1592 1918 1638 repudianda
1945 1593 1975 1640 I,
2006 1592 2040 1640 1,

196 1658 231 1696 6.
259 1659 467 1706 proximam
495 1658 756 1705 propriamque
784 1669 911 1694 curam
938 1657 1045 1705 VIII,
1076 1657 1109 1705 1,
1140 1657 1172 1694 1.
1199 1658 1322 1704 pullos
1351 1660 1463 1704 atque
1491 1658 1655 1705 plumam
1682 1658 1790 1706 VIII,
1821 1658 1880 1707 13,
1910 1658 1945 1696 3.
1975 1670 2038 1697 ex-

192 1736 354 1772 purgare
383 1727 421 1761 et
447 1725 595 1770 replere
623 1724 689 1771 VI,
718 1722 779 1770 32,
808 1722 842 1760 3.
895 1734 1003 1769 quam
1032 1724 1128 1760 bene
1160 1727 1293 1770 putare
1320 1726 1397 1761 tam
1425 1724 1629 1771 diligenter
1661 1725 1880 1771 pampinare
1925 1725 2037 1773 XIII,

195 1790 254 1837 11,
286 1790 318 1827 1.
364 1792 541 1836 quattuor
567 1790 630 1826 vel
658 1789 819 1835 quinque
848 1789 958 1837 XIII,
987 1789 1022 1837 9,
1052 1789 1095 1837 1,
1138 1790 1207 1837 XI,
1250 1789 1285 1837 2,
1315 1789 1379 1837 75,
1424 1790 1475 1837 ΙΙ,
1507 1788 1565 1827 12.
1595 1789 1627 1827 1.
1683 1790 1729 1828 cf.
1758 1791 1849 1839 XII,
1892 1790 1954 1839 45,
2000 1792 2041 1840 1,

192 1856 259 1903 IV,
289 1856 349 1903 22,
379 1854 422 1903 2,
451 1855 521 1902 ΧΙ,
550 1854 585 1902 3,
614 1853 683 1903 57,
712 1854 803 1902 XII,
832 1855 892 1901 38,
922 1855 955 1892 5.
1009 1858 1185 1901 quattuor
1212 1858 1277 1892 aut
1304 1855 1466 1901 quinque
1494 1856 1544 1902 II,
1578 1856 1634 1902 10,
1666 1855 1724 1892 15.
1754 1855 1799 1892 cf.
1838 1857 1884 1903 V,
1913 1858 1948 1903 5,
1979 1856 2039 1893 11.

192 1931 317 1957 ramos
346 1924 411 1957 aut
437 1922 549 1956 rubos
578 1921 648 1967 XI,
671 1922 705 1966 2,
730 1920 788 1956 19.
818 1932 948 1966 rapum
978 1924 1016 1957 et
1042 1923 1248 1967 raphanum
1277 1922 1345 1967 XI,
1374 1923 1409 1967 3,
1439 1920 1501 1957 62.
1534 1923 1744 1958 recondere
1772 1925 1811 1959 et
1841 1923 2044 1960 recalcare.

192 1987 244 2034 II,
274 1987 308 2035 2,
339 1984 398 2024 19.
427 1985 556 2034 regiae
586 1988 624 2023 et
651 1985 749 2023 radii
791 1985 902 2034 XIII,
933 1985 992 2035 17,
1022 1985 1055 2024 3.
1100 1986 1266 2024 retinere
1294 1989 1333 2024 et
1360 1987 1556 2024 retardare
1584 1986 1635 2035 II,
1664 1984 1699 2033 2,
1728 1985 1790 2025 26.
1831 1987 1950 2035 riguiS
1977 1990 2044 2026 aut

191 2052 329 2090 rosidis
357 2052 450 2089 locis
478 2052 545 2098 VI,
575 2050 609 2099 3,
638 2050 673 2089 2.
702 2054 768 2088 aut
795 2053 997 2089 obruenter
1039 2056 1104 2089 aut
1149 2056 1326 2090 cruenter
1366 2053 1435 2100 XI,
1466 2051 1500 2099 3,
1530 2051 1591 2089 22.
1647 2054 1795 2091 obruito
1841 2057 1880 2091 et
1919 2055 2042 2101 rigato

192 2119 303 2165 XIII,
333 2117 368 2165 9,
399 2118 430 2155 1.
485 2118 623 2155 sarrita
651 2120 690 2155 et
716 2120 928 2155 stercorata
953 2118 1023 2166 XI,
1052 2118 1086 2166 3,
1116 2118 1183 2167 24,
1213 2119 1283 2165 ΧΙ,
1312 2118 1347 2166 3,
1376 2117 1435 2156 41.
1464 2119 1615 2156 sarritio
1644 2122 1684 2157 et
1711 2120 1935 2157 stercoratio
1965 2120 2037 2168 XI,

193 2183 228 2234 3,
256 2182 316 2222 32.
344 2183 553 2222 sationibus
582 2186 621 2221 et
648 2183 920 2222 stercoratione
948 2184 998 2233 II,
1029 2185 1063 2232 2,
1093 2183 1152 2222 13.
1208 2185 1352 2222 sautiat
1377 2187 1505 2222 tamen
1546 2187 1585 2222 et
1611 2188 1762 2223 resecat
1805 2186 1872 2233 IV,
1920 2185 1979 2234 27,
2010 2187 2044 2223 2.

193 2253 364 2288 scrobem
391 2253 454 2288 vel
483 2252 626 2287 sulcum
654 2252 764 2297 XIII,
790 2252 826 2298 4,
854 2252 895 2298 4,
933 2252 1108 2298 ΧΙΙΙ,,4,
1137 2254 1172 2289 5.
1202 2252 1248 2289 cf.
1280 2253 1325 2299 V,
1353 2253 1389 2299 4,
1419 2251 1453 2289 2.
1506 2253 1650 2290 scrobis
1678 2256 1744 2291 aut
1772 2253 1898 2291 sulcus
1928 2253 1973 2301 V,
2003 2253 2037 2301 5,

195 2316 226 2353 1.
256 2316 294 2354 111
322 2317 493 2354 scrobem
522 2318 560 2353 et
589 2316 733 2354 sulcum
778 2316 823 2363 V,
852 2317 887 2363 9,
919 2315 977 2353 10.
1033 2317 1275 2354 sedulitatem
1303 2320 1341 2354 et
1369 2317 1586 2354 satietatem
1612 2316 1679 2365 VI,
1709 2316 1771 2365 27,
1804 2319 1833 2354 1.
1877 2319 2036 2365 septimo

196 2385 234 2420 et
261 2385 369 2419 sexto
397 2383 467 2430 XI,
497 2383 531 2430 2,
560 2384 620 2419 66.
651 2393 785 2419 8010110
814 2385 852 2419 et
876 2382 976 2419 sicco
1005 2383 1110 2420 coelo
1138 2383 1228 2430 XII,
1268 2382 1326 2431 16,
1357 2383 1389 2421 1.
1418 2383 1464 2421 cf.
1492 2384 1544 2431 II,
1574 2383 1633 2431 11,
1662 2381 1696 2421 8.
1724 2384 1846 2422 8100118
1875 2388 1914 2422 et
1940 2395 2042 2421 reso-

191 2449 292 2485 lutus
320 2448 372 2494 II,
401 2447 436 2494 9,
465 2449 498 2485 5.
528 2449 652 2484 soluta
679 2448 853 2493 siccaque
881 2451 985 2484 terra
1016 2448 1067 2495 H,
1097 2447 1132 2495 9,
1163 2448 1220 2485 14.
1275 2450 1438 2486 solutum
1468 2452 1507 2486 et
1544 2449 1684 2486 siccum
1711 2450 1835 2486 locum
1862 2450 1912 2495 II,
1941 2451 1977 2496 9,
2006 2451 2039 2486 3.

192 2524 361 2561 spumam
389 2515 428 2551 et
455 2512 673 2561 spurcitiam
700 2513 791 2561 XII,
822 2510 880 2560 17,
910 2514 945 2550 2.
983 2513 1189 2551 stercorari
1217 2514 1420 2560 sarririque
1449 2512 1519 2562 XI,
1548 2515 1584 2561 3,
1612 2514 1674 2551 32.
1706 2514 1844 2561 stirpes
1859 2517 1897 2551 et
1915 2514 2043 2561 spinas

192 2580 243 2625 II,
273 2579 333 2626 17,
363 2578 424 2615 11.
454 2580 624 2625 superior
652 2583 691 2616 et
718 2579 853 2615 siccior
879 2580 991 2626 XIII,
1021 2579 1080 2626 10,
1105 2581 1139 2616 2.
1169 2581 1319 2617 surculo
1347 2583 1386 2617 et
1413 2580 1606 2627 segetibus
1633 2580 1686 2627 ΙΙ,
1716 2580 1775 2627 14,
1804 2578 1837 2617 7.
1864 2580 2042 2618 tribulam

193 2647 231 2682 et
263 2645 411 2683 traham
443 2644 494 2692 ΙΙ,
524 2643 585 2692 20,
614 2643 646 2682 4.
683 2646 813 2682 trunco
851 2644 913 2682 vel
947 2646 1073 2682 terrae
1119 2644 1190 2691 III,
1221 2643 1280 2691 10,
1313 2645 1358 2681 16
1404 2646 1452 2682 ad
1493 2647 1745 2694 protegendos
1790 2646 2043 2692 tutandosque
