2290 3102
1045 313 1297 351 ...28—

242 421 493 472 invenitur).¹)
548 422 856 461 versificationis
898 426 1051 460 nostrae
1091 424 1242 468 gustum
1282 433 1423 468 negare
1463 433 1538 459 non
1578 424 1878 461 sustinebam
1913 423 1982 470 XI,
2013 422 2046 470 1,
2077 424 2100 459 2

242 487 356 536 (Vell.
386 488 489 527 Curt.
517 488 667 536 Quinct.
696 487 826 535 Suet).
855 489 1069 536 Praecepta
1096 498 1170 525 non
1198 498 1458 525 consummare
1486 487 1685 526 scientiam
1704 490 1772 526 sed
1791 489 1973 526 adiuvare
2001 500 2102 534 pro-

243 555 443 591 mittunt
469 555 500 601 Ι,
532 555 565 600 1,
596 553 642 590 17
672 553 811 600 (Plaut,
841 554 991 600 Amm.).
1040 553 1167 599 Fines,
1197 563 1290 598 quos
1318 563 1367 589 ne
1395 552 1593 589 circumire
1621 554 1727 599 equis
1755 554 1905 600 quidem
1933 554 2104 591 valent

241 619 273 667 I,
302 618 338 667 3,
372 618 439 668 12;
469 620 500 667 Ι,
529 618 564 666 8,
594 618 637 668 43
666 618 718 667 II,
748 618 782 666 1,
811 620 851 667 33
880 619 953 666 III,
986 617 1043 666 10,
1072 617 1115 667 63
1143 618 1190 665 V,
1219 618 1254 665 5,
1284 616 1327 666 93
1356 617 1423 665 VI,
1452 618 1489 665 5,
1520 617 1561 666 13
1592 618 1701 666 VIII,
1735 618 1792 666 17,
1821 617 1862 667 63
1891 619 1982 665 XII,
2012 617 2047 666 2,
2077 620 2100 656 5

244 685 439 733 (saepius).
496 684 543 722 12
570 685 689 732 praef.
717 684 740 722 6
769 688 905 722 natura
933 697 1007 722 non
1035 695 1164 722 omnes
1193 694 1255 721 res
1283 684 1498 721 commodas
1526 684 1705 730 amplecti
1732 685 1951 722 valebat.
1964 682 1992 732 ²)

429 751 719 789 Infinitivus
749 750 839 796 (acc.
868 761 899 786 c.
928 750 1008 796 inf.)
1037 749 1241 786 subiecti
1268 749 1373 785 vice
1401 748 1591 795 fungitur:
1640 750 1670 795 Ι,
1710 751 1741 796 1,
1782 749 1800 786 1
1841 760 1962 795 neque
2002 750 2101 786 enim

242 815 341 852 scire
368 817 434 853 aut
460 815 562 853 velle
590 814 762 861 cuiquam
790 815 884 853 satis
913 814 1038 853 fuerit.
1067 815 1112 862 V,
1142 813 1177 862 7,
1208 812 1255 852 17
1272 812 1417 851 arboris
1438 815 1620 861 perpetua
1639 815 1787 852 cultura
1807 818 1959 852 estnon
1978 816 2097 852 solum

241 881 447 929 diligenter
474 883 634 919 eandem
661 881 874 928 disponere,
903 882 970 918 sed
1001 880 1116 918 etiam
1142 883 1315 918 truncum
1343 879 1659 929 circumfodere.³)

1120 965 1140 1012 ξ
1169 963 1229 1003 43.

427 1046 539 1082 Haud
566 1057 653 1082 raro
687 1057 710 1082 a
738 1045 947 1082 Columella
984 1044 1265 1083 infinitivus
1307 1043 1522 1091 perfecti
1562 1056 1644 1092 pro
1685 1044 1941 1083 infinitivo
1969 1056 2102 1092 prae,

241 1110 394 1148 sentis
422 1110 594 1159 ponitur,
636 1121 746 1158 quem
775 1122 881 1148 usum
910 1111 957 1149 ab
985 1111 1216 1159 elegantium
1244 1111 1468 1158 scriptorum
1496 1122 1598 1149 more
1627 1112 1739 1159 plane
1767 1112 1984 1159 abhorrere,
2027 1112 2095 1148 sed

241 1188 507 1224 nonnunquam
534 1189 558 1215 a
584 1178 719 1225 poetis,
748 1177 811 1224 qui
839 1177 1002 1226 Augusti
1023 1177 1255 1224 temporibus
1273 1177 1491 1225 floruerunt,
1521 1180 1560 1216 et
1577 1188 1691 1225 saepe
1719 1189 1743 1215 a
1760 1177 1870 1216 Livio
1890 1177 2095 1214 admissum

241 1254 328 1280 esse
354 1243 595 1290 grammatici
622 1244 768 1280 docent.
785 1243 814 1290 ⁴)
845 1244 935 1291 XII,
964 1243 1064 1291 55,1
1108 1244 1289 1280 hactenus
1318 1243 1462 1281 dixisse
1498 1244 1646 1282 abunde
1679 1244 1748 1281 est.
1801 1243 1852 1291 ΙΙ,
1881 1242 1916 1291 3,
1945 1241 1988 1291 2;
2029 1243 2096 1291 IV,

245 1309 302 1356 19,
334 1310 372 1358 13
418 1311 460 1357 V,
489 1310 524 1357 3,
554 1308 597 1357 93
639 1310 686 1357 V,
715 1308 750 1357 9,
784 1309 849 1358 18;
891 1310 937 1357 V,
971 1312 1027 1357 12,
1056 1310 1094 1356 5;
1141 1310 1207 1356 VI,
1236 1308 1297 1355 26,
1327 1309 1367 1357 43
1409 1310 1478 1356 XI,
1512 1311 1547 1356 3,
1579 1309 1643 1356 14;
1690 1310 1780 1356 XII,
1808 1311 1844 1356 3,
1876 1309 1934 1346 11.
1989 1309 2096 1345 Nunc

240 1375 482 1412 admonuisse
511 1375 605 1411 satis
647 1377 708 1412 est
735 1376 765 1421 Ι,
795 1374 829 1421 9,
859 1376 903 1421 33
932 1374 977 1411 cf.
1005 1375 1050 1421 V,
1081 1373 1115 1421 9,
1146 1373 1210 1421 153
1240 1374 1306 1421 VI,
1335 1375 1370 1421 5,
1400 1373 1439 1423 33
1469 1374 1577 1421 VIII,
1611 1374 1667 1421 14,
1696 1375 1739 1422 63
1768 1374 1837 1421 XI,
1871 1376 1901 1421 1,
1931 1373 1964 1411 9.
1994 1374 2100 1411 Haec

240 1438 386 1476 dixisse
419 1439 515 1477 satis
543 1439 665 1477 babeo
693 1439 760 1486 VI,
789 1437 850 1486 29,
880 1441 912 1476 5.
968 1439 1059 1476 Cum
1101 1439 1253 1476 audisse
1280 1439 1444 1486 potuerit
1471 1439 1500 1487 I,
1530 1438 1565 1487 3,
1594 1441 1627 1477 5.
1682 1439 1802 1486 Caput
1834 1442 1893 1477 est
1925 1439 2021 1487 (eius
2050 1439 2103 1476 di-

240 1504 441 1553 sciplinae)
482 1505 602 1543 semel
628 1504 767 1543 fecisse
795 1505 864 1551 XI,
898 1507 928 1552 1,
958 1504 1017 1542 28.
1055 1505 1245 1551 Optimum
1278 1508 1338 1542 est
1373 1508 1581 1542 sementem
1623 1505 1832 1542 confecisse
1872 1506 1942 1552 XI,
1973 1506 2006 1552 2,
2037 1504 2098 1556 90,

240 1570 293 1607 Ut
318 1572 397 1607 tam
425 1570 589 1616 capitale
618 1572 722 1607 esset
749 1571 883 1607 bovem
912 1580 1070 1607 necasse
1099 1581 1208 1617 quam
1236 1570 1358 1609 civem
1386 1569 1408 1608 6
1437 1569 1553 1619 praef.
1590 1572 1623 1610 7.
1673 1570 1755 1609 Nisi
1782 1571 1937 1618 aequius
1966 1570 2095 1609 existi-

243 1647 388 1674 mamus
416 1638 597 1683 praedam
626 1637 773 1684 cepisse
804 1637 822 1674 1
853 1637 971 1683 praef.
1001 1636 1036 1674 7.
1079 1637 1327 1675 Criminosum
1355 1637 1426 1674 fuit
1452 1637 1670 1683 possedisse
1698 1638 1728 1684 I,
1757 1638 1793 1678 3.
1825 1636 1882 1674 11.
1923 1638 2102 1674 Praestat

239 1701 428 1749 refugisse
456 1702 487 1749 I,
516 1702 551 1750 5,
580 1703 617 1741 6.
657 1702 817 1740 Multum
844 1702 1014 1750 proderit
1040 1702 1179 1741 fecisse
1206 1703 1258 1750 II,
1289 1702 1347 1751 15,
1377 1703 1411 1741 4.
1456 1704 1546 1741 Cum
1574 1703 1750 1741 retulerit
1776 1704 1998 1750 deposuisse
2027 1704 2098 1750 ΙΙΙ,

238 1768 275 1814 4,
304 1767 338 1805 2.
394 1769 612 1805 Credidisse
641 1769 810 1805 socordis
848 1772 907 1805 est
952 1769 1023 1815 III,
1054 1770 1114 1816 20,
1144 1768 1177 1805 6.
1231 1770 1322 1805 Plus
1359 1770 1514 1816 prodest
1543 1790 1588 1795 ——
1619 1768 1817 1817 subegisse
1844 1771 1954 1817 terga
1990 1780 2100 1815 quam

238 1832 271 1870 si
300 1855 346 1860 —
377 1832 481 1871 cibos
509 1835 695 1881 praebeas
724 1834 790 1882 VI,
819 1835 881 1881 30,
913 1833 946 1871 1.
1002 1835 1164 1882 Magnae
1198 1834 1254 1872 rei
1290 1834 1408 1872 fuisse
1436 1835 1658 1881 participem
1687 1847 1761 1872 non
1796 1835 1951 1872 minima
1977 1835 2100 1882 gloria

239 1901 299 1936 est
325 1900 395 1947 XI,
426 1899 460 1947 1,
491 1898 550 1936 12.

1119 1971 1138 2016 g
1167 1970 1226 2007 44.

423 2046 490 2084 De
518 2047 800 2086 accusativo
835 2058 931 2085 cum
968 2047 1223 2085 infinitivo
1251 2046 1409 2093 primum
1438 2049 1692 2085 adnotandum
1720 2049 1790 2085 hoc
1819 2051 1889 2093 est,
1915 2050 2098 2085 accusati-

237 2123 326 2149 vum
353 2113 599 2160 pronominis,
641 2114 739 2159 quod
768 2116 828 2150 est
859 2113 952 2161 „is“,
991 2113 1143 2160 saepius
1172 2112 1306 2160 omitti,
1335 2112 1474 2151 veluti:
1514 2113 1566 2162 II,
1595 2112 1656 2163 20,
1687 2114 1709 2151 2
1738 2116 1888 2152 constat
1915 2114 2025 2163 enim,
2067 2116 2100 2153 si

237 2177 456 2229 (frumenta)
485 2179 714 2227 tempestive
743 2180 874 2217 decisa
901 2179 989 2227 sint,
1018 2182 1153 2227 postea
1180 2191 1315 2226 capere
1343 2181 1624 2218 incrementum.
1670 2181 1742 2227 III,
1774 2180 1832 2228 10,
1866 2180 1912 2217 14
1939 2180 2099 2218 incredi-

236 2243 316 2281 bile
344 2242 446 2293 (est),
488 2245 522 2282 si
554 2245 714 2293 genitali
756 2246 838 2283 loco
880 2245 991 2293 virga
1012 2247 1109 2283 -nata
1135 2245 1258 2283 fructu
1295 2248 1434 2294 careat,
1477 2246 1680 2285 carituram
1714 2258 1859 2294 quoque
1892 2259 1977 2286 esse
2005 2248 2095 2287 fetu.

238 2310 305 2358 IV,
333 2312 393 2359 27,
424 2310 447 2350 6
476 2312 510 2350 si
538 2311 700 2360 fatigata
726 2312 817 2351 vitis
847 2312 973 2359 fuerit,
1011 2312 1250 2358 requiescere
1279 2324 1323 2349 ac
1350 2313 1454 2350 refici
1480 2325 1549 2360 par
1576 2314 1659 2351 erit.
1690 2314 1756 2361 VI,
1787 2315 1847 2361 24,
1877 2315 1900 2350 3
1929 2315 1962 2351 si
1988 2317 2096 2361 parte

414 2449 433 2481 ¹)
457 2450 518 2479 etr.
544 2451 772 2480 Antibarbarus
795 2452 818 2480 ll
843 2459 892 2488 pg.
918 2454 984 2480 395.

411 2499 432 2536 2)
458 2501 547 2530 Hune
569 2502 672 2530 locum
696 2502 830 2537 Draeger
860 2502 895 2535 (H
931 2502 959 2530 S.
987 2502 1009 2529 11
1046 2509 1085 2536 pg
1121 2503 1185 2534 301)
1219 2501 1381 2534 Ciceroni,
1418 2509 1511 2536 quein
1548 2501 1717 2529 Columella
1754 2501 1840 2529 brevi
1882 2503 1991 2538 spatio
2023 2506 2095 2531 ante

236 2551 386 2583 tanquam
409 2549 526 2577 sontem
551 2558 643 2578 suum
666 2551 851 2585 nominavit,
878 2551 1026 2586 assignat,
1051 2549 1106 2577 sed
1131 2549 1239 2586 procul
1262 2548 1360 2577 dubio
1383 2550 1489 2578 minus
1516 2553 1613 2586 recte,
1636 2557 1707 2579 cum
1731 2550 1836 2580 valere
1851 2558 1922 2580 cum
1941 2551 2096 2581 infinitivo

237 2597 443 2626 coniunctum
466 2598 551 2635 apud
575 2598 761 2628 Ciceronem
784 2600 914 2628 omnino
938 2607 999 2628 non
1022 2600 1134 2633 exstet,
1159 2599 1213 2626 scd
1232 2599 1260 2626 in
1279 2607 1370 2635 prosa
1385 2600 1530 2627 oratione
1551 2600 1691 2635 primum
1714 2599 1799 2635 apud
1816 2600 1935 2627 Livium
1953 2601 2095 2628 invenia-

238 2648 288 2673 tur
310 2653 373 2673 uno
397 2647 482 2673 loco:
509 2649 556 2678 38,
581 2649 629 2681 23,
653 2649 679 2673 ⁴.

410 2693 432 2729 ³)
456 2694 520 2724 Cfr.
547 2694 622 2724 Calo
645 2695 684 2723 de
707 2703 731 2723 r.
757 2704 781 2723 r.
806 2698 853 2730 61,
876 2698 892 2723 2
915 2700 1020 2724 celera
1042 2696 1166 2723 cultura
1198 2696 1245 2722 est
1270 2695 1402 2722 multum
1425 2703 1531 2723 serere
1554 2697 1585 2723 et
1607 2696 1778 2730 ‹lilIgenter
1800 2697 1939 2724 eximere
1961 2697 2093 2725 semina.

411 2742 433 2776 4)
461 2742 523 2773 Cfr.
548 2743 675 2771 Kiibner
696 2743 716 2770 l.
739 2743 759 2770 1.
784 2743 807 2770 11
833 2751 884 2780 pg.
910 2746 975 2779 ⁴0¹,
1003 2745 1047 2771 lo.
1093 2742 1228 2780 Draeger
1251 2743 1285 2773 H.
1307 2743 1337 2772 S.
1362 2743 1373 2772 1
1397 2751 1446 2781 pg.
1472 2745 1527 2774 254
1552 2752 1599 2783 sq.
