2290 3102
1044 267 1296 306 -60-

231 382 272 416 ut
299 379 394 416 locis
423 378 541 416 aridis
579 381 618 415 et
644 378 801 415 clivosis
830 378 944 416 altius
974 378 1073 416 vites
1102 379 1350 427 deponantur,
1393 387 1503 425 quam
1532 377 1564 415 si
1593 377 1756 416 humidis
1785 379 1824 415 et
1850 377 1974 425 planis
2015 377 2084 425 (sc.

232 445 499 491 deponuntur).
528 445 640 491 ΧΙΙΙ,
668 445 730 491 30,
760 443 784 481 2
813 456 938 481 rosam
961 466 1005 470 —
1031 444 1180 491 disponi
1207 445 1386 481 convenit
1413 455 1481 490 per
1507 444 1608 480 idem
1635 447 1795 491 tempus,
1824 454 1896 489 quo
1924 447 1964 480 et
1990 443 2093 480 viola

234 509 302 558 (sc.
323 507 560 561 disponitur).
588 509 656 558 IV,
676 507 738 557 27,
760 509 783 546 2
811 507 986 557 idemque
1014 509 1167 559 vinitor,
1196 510 1259 558 qui
1286 512 1375 549 ante
1402 509 1504 549 ferro
1529 509 1597 557 (sc.
1626 509 1825 558 decussit),
1854 521 1953 548 nuuc
1980 520 2092 548 manu

234 576 411 613 decutiet.
466 576 518 622 ΙΙ,
551 575 608 622 14,
638 576 660 612 7
690 575 784 612 haec
812 574 950 622 (suppl.
982 575 1087 622 „fieri
1115 575 1343 627 convenit‘),
1376 576 1442 614 ubi
1468 575 1605 614 viduus
1632 575 1839 623 pecudibus
1869 585 1971 624 ager.
2023 575 2091 623 VI,

233 644 268 690 8,
299 642 322 679 2
350 643 419 680 sed
447 642 542 680 haec
570 641 706 689 (suppl.
738 641 932 689 „proderit
958 641 1140 690 facere“)‚
1169 643 1204 681 si
1232 644 1354 681 solum
1381 643 1578 681 fastidium
1606 645 1676 680 est.
1710 643 1758 680 ct.
1779 643 1851 690 ΙΠ,
1885 644 1942 690 19,
1976 644 1991 678 1
2023 643 2091 679 sed

231 709 326 746 haec
354 707 394 746 in
420 708 545 756 plano.
572 708 646 757 III,
666 707 792 756 21,11
823 709 1006 746 hactenus
1035 709 1083 746 de
1110 708 1300 756 positione
1329 709 1536 748 vinearum.
1565 708 1638 756 III,
1658 708 1716 757 10,
1731 706 1782 746 22
1809 708 1905 747 haec
1931 707 2092 746 forsitan

231 774 402 820 pluribus
440 775 544 812 dicta
571 778 670 821 sunt,
713 786 823 820 quam
852 775 1033 820 exigebat
1059 775 1158 811 ratio
1186 775 1375 823 veritatis,
1413 775 1535 812 minus
1563 777 1691 811 tamen
1718 774 1860 822 multis,
1902 785 2013 820 quam
2045 795 2089 799 —

230 839 450 887 postulabat
470 862 516 865 —
538 839 663 887 opinio
692 839 929 877 rusticorum.
953 860 998 865 —-
1020 839 1161 877 Durior
1187 841 1282 878 haec
1310 840 1462 878 dicendi
1489 839 1658 878 brevitas
1686 839 1778 877 mihi
1805 839 1957 878 videtur
1984 850 2090 877 esse:

232 905 247 943 1
283 905 402 952 praef.
437 904 486 943 12
514 915 613 943 1111110
641 908 681 943 et
707 905 781 953 ipsi
808 905 966 952 praedia
993 907 1126 943 nostra
1152 905 1280 942 colere
1308 905 1558 953 dedignamur
1585 907 1624 942 et
1649 904 1790 943 nullius
1819 904 1999 942 momenti
2026 906 2091 942 du-

231 971 349 1008 cimus
377 971 651 1018 peritissimum
679 981 862 1018 quemque
883 970 1052 1008 villicum
1071 970 1217 1007 facere:
1248 970 1310 1007 vel
1330 970 1365 1007 si
1383 970 1563 1017 nescium,
1581 972 1685 1007 certe
1705 969 1848 1018 vigoris
1866 969 2091 1017 experrecti.

1111 1062 1131 1108 ξ
1160 1062 1222 1098 71.

421 1127 633 1167 Brevitatis
663 1127 829 1166 studium
867 1139 915 1166 ex
948 1139 992 1165 eo
1021 1138 1167 1175 quoque
1195 1125 1495 1176 intellegendum
1523 1129 1599 1176 est,
1641 1128 1739 1174 quod
1766 1127 1885 1166 verba
1911 1128 2093 1166 nonnulla

230 1196 286 1233 ita
312 1196 553 1242 usurpantur,
592 1196 634 1232 ut
660 1194 866 1241 amplior
893 1194 940 1231 iis
969 1193 1142 1231 subiecta
1168 1193 1299 1231 notio
1328 1194 1395 1231 sit:
1430 1194 1521 1241 XII,
1550 1193 1585 1241 2,
1616 1193 1636 1231 1
1667 1205 1713 1231 ea
1738 1194 1824 1231 loca
1850 1194 1978 1240 qualia
2005 1205 2092 1232 esse

232 1262 399 1299 debeant
418 1282 463 1287 -
494 1260 533 1298 in
560 1260 681 1307 primo
710 1259 913 1307 volumine,
943 1270 1026 1297 cum
1054 1259 1186 1297 villam
1214 1258 1532 1297 constitueremus
1561 1258 1626 1306 (=
1647 1270 1729 1297 cum
1757 1260 1804 1297 de
1833 1259 1927 1298 villa
1954 1259 2093 1297 consti-

234 1328 376 1364 tuenda
405 1326 715 1373 disputaremus),
745 1326 820 1362 iam
848 1325 952 1362 dicta
979 1327 1077 1362 sunt.
1106 1325 1158 1372 II,
1179 1326 1210 1372 l,
1226 1323 1249 1361 4
1278 1324 1417 1362 adduci
1435 1326 1501 1372 (=
1519 1324 1656 1362 adduci
1682 1324 1721 1362 in
1748 1335 1832 1362 eam
1851 1322 2092 1376 opinionem).

232 1393 300 1439 VI,
331 1394 366 1439 7,
397 1393 420 1429 2
448 1393 557 1429 alvus
601 1391 666 1438 (=
689 1391 856 1438 profusio
885 1392 963 1428 alvi
992 1392 1055 1428 vel
1083 1392 1192 1428 alvus
1222 1390 1364 1439 citata).
1391 1392 1422 1437 Ι,
1453 1393 1488 1437 8,
1517 1394 1540 1427 5
1568 1392 1668 1428 liber
1695 1392 1760 1438 (=
1780 1392 1880 1428 liber
1907 1392 2093 1438 rationis).

230 1456 310 1494 XII
338 1456 454 1504 praef.
484 1454 506 1493 7
545 1455 689 1504 Cicero,
729 1455 792 1503 qui
820 1466 904 1493 eum
934 1453 1243 1506 (oeconomicum)
1272 1454 1434 1494 Latinae
1463 1455 1726 1494 consuetudini
1759 1456 1824 1504 (=
1848 1455 2009 1495 Latinae
2038 1455 2092 1495 di-

231 1524 342 1560 cendi
370 1522 651 1567 consuetudini)
680 1522 849 1558 tradidit.

417 1588 478 1625 Ad
506 1589 716 1625 extremum
744 1598 1079 1624 commemoremus
1105 1587 1356 1625 Columellam
1396 1588 1625 1625 brevitatem
1651 1591 1942 1634 persequentem
1970 1589 2092 1635 saepi-

230 1665 273 1691 us
302 1653 603 1701 participium
631 1652 786 1689 futuri
813 1651 967 1690 activi
995 1651 1215 1690 adhibuisse
1251 1662 1337 1700 pro
1372 1652 1622 1691 enuntiato
1651 1653 1959 1692 secundario:
1997 1653 2027 1703 Ι,
2058 1652 2091 1703 1,

232 1720 280 1758 15
308 1722 377 1758 1108
406 1721 445 1757 111
473 1719 672 1757 0011811111111
701 1721 899 1766 advocato,
942 1731 1012 1756 nec
1040 1724 1170 1756 tamen
1197 1720 1252 1756 sic
1281 1722 1407 1756 mente
1436 1720 1654 1767 dispositus,
1693 1721 1799 1757 velut
1827 1732 2010 1757 summam
2037 1724 2092 1757 to-

232 1786 307 1823 tius
336 1785 392 1823 rei
421 1784 622 1823 sententiis
651 1794 780 1822 eorum
809 1786 1090 1822 consecuturus.
1132 1784 1163 1832 Ι,
1210 1783 1245 1833 3,
1292 1784 1315 1822 8
1357 1787 1398 1823 ut
1443 1796 1518 1823 non
1563 1785 1683 1824 solum
1711 1785 1815 1824 aliud
1842 1785 1995 1834 acturis,
2024 1787 2092 1824 sed

231 1855 270 1889 et
296 1863 428 1899 agrum
456 1851 646 1898 paraturis
675 1851 816 1888 dictum
844 1851 1101 1897 intellegatur.
1131 1851 1198 1888 cfr.
1227 1852 1258 1897 I,
1287 1850 1323 1898 2,
1352 1850 1395 1899 23
1426 1852 1477 1898 ΙΙ,
1498 1851 1559 1899 21,
1580 1851 1624 1900 6;
1653 1852 1720 1899 IV,
1753 1852 1786 1899 1,
1809 1853 1850 1900 2;
1879 1853 1946 1899 IV,
1975 1854 2037 1900 33,
2058 1851 2092 1890 6.

1069 1977 1195 2028 caput
1220 1977 1264 2018 V.

623 2063 707 2128 De
751 2064 933 2128 colore
977 2065 1255 2128 sermonis
1301 2063 1705 2129 Columelliani.

416 2208 491 2245 Res
521 2219 544 2245 a
571 2207 783 2244 Columella
810 2208 997 2244 tractatae
1026 2218 1109 2244 cum
1137 2207 1203 2244 vix
1231 2207 1330 2244 tales
1372 2209 1512 2253 essent,
1554 2212 1595 2244 ut
1622 2208 1784 2255 scriptor
1812 2208 1983 2255 specioso
2012 2220 2089 2246 ser-

229 2285 338 2310 mone
366 2275 420 2310 uti
449 2276 590 2319 posset,
620 2276 749 2309 tamen
777 2284 821 2309 ea
850 2275 932 2308 arte
962 2272 1080 2309 libros
1110 2283 1198 2309 suos
1219 2272 1439 2319 composuit,
1468 2276 1509 2309 ut
1532 2274 1714 2311 materiae
1733 2274 1921 2311 vilitatem
1940 2274 2091 2311 dicendi

227 2350 367 2386 genere
409 2339 503 2376 satis
545 2341 819 2385 compensaret.
886 2338 1093 2384 Praecipue
1135 2338 1460 2384 praefatiunculae
1501 2339 1661 2386 singulis
1703 2340 1812 2377 libris
1854 2341 2089 2387 praemissae

227 2405 438 2442 laetissimo
467 2404 649 2441 orationis
677 2414 818 2451 genere
847 2404 1053 2451 excellunt,
1078 2404 1146 2441 sed
1175 2414 1223 2441 ne
1251 2403 1336 2440 aliis
1366 2404 1515 2450 quidem
1543 2405 1714 2452 partibus
1742 2405 1810 2444 flos
1839 2407 1949 2444 deest
1976 2408 2088 2453 atque

229 2472 353 2519 color3
398 2470 595 2507 materiam
637 2471 737 2508 enim
774 2470 847 2507 sibi
886 2470 1118 2517 propositam
1147 2470 1356 2507 Columella
1383 2481 1528 2508 summa
1555 2482 1638 2509 cum
1666 2472 1855 2510 varietate
1883 2472 2089 2521 depingere

228 2536 416 2587 studuit,¹)
445 2548 710 2584 nonnunquam
738 2538 935 2585 poetarum
963 2536 1065 2574 dicta
1093 2536 1368 2583 proverbiaque
1393 2538 1592 2585 popularia
1625 2539 1796 2587 inseruit,
1807 2540 1835 2587 ²)
1864 2539 2090 2587 praesertim

405 2674 424 2711 ¹)
451 2676 530 2705 Vide
552 2685 598 2712 ea,
624 2685 706 2714 quae
731 2685 831 2714 supra
854 2675 880 2710 (g
904 2678 940 2704 62
962 2676 1046 2712 sqq.)
1070 2675 1109 2703 de
1135 2677 1292 2704 sermonis
1318 2678 1469 2706 varietate
1492 2678 1736 2715 disputavimus.

402 2724 424 2758 ²)
450 2725 512 2758 Cir,
537 2733 564 2753 e.
587 2733 615 2759 g.
643 2726 665 2758 Ι,
691 2727 718 2757 3,
745 2727 781 2758 5;
807 2725 840 2757 ΙΙ,
866 2727 893 2757 2,
919 2726 954 2756 7;
981 2724 1018 2757 Χ,
1042 2722 1143 2758 praef.
1167 2724 1194 2751 ⁴.
