2290 3102
987 242 1240 284 —31—

1016 390 1141 442 caput
1164 390 1221 453 xl.

391 476 474 542 De
516 476 791 560 gerundio
836 480 895 542 et
936 477 1250 561 gerundivo
1295 476 1474 558 atque
1518 474 1588 539 de
1618 473 1832 558 supine.

1060 602 1080 649 g
1106 601 1168 640 47.

717 688 791 731 De
815 688 1088 741 gei-undio
1113 699 1170 730 110
1193 688 1507 740 gerundivo.

378 780 650 819 Genetivum
677 791 728 827 ge
739 780 900 817 rundii
928 780 985 817 his
1013 779 1212 817 adiectivis
1241 779 1454 816 adiunctum
1484 780 1582 826 apud
1606 779 1852 817 Columellam
1884 782 2013 820 inveni

197 854 211 887 1
243 849 360 896 praef.
389 849 412 885 3
439 848 494 884 ita
520 847 669 884 dicendi
696 847 867 893 cupidi.
894 847 959 883 IV.
986 845 1047 893 25,
1080 846 1096 883 1
1126 846 1267 883 vinitor
1290 857 1471 893 gnarus
1500 850 1559 883 est
1585 846 1632 883 iis
1660 848 1801 885 utendi.

378 913 600 951 Genetivi
626 912 884 960 gerundii,
922 912 984 957 qui
1024 912 1164 958 pendet
1203 922 1250 948 ex
1291 911 1618 959 substantivo,
1660 913 1730 949 hoc
1757 914 1848 951 mihi
1875 915 2027 953 videtur

192 982 422 1018 afferendum
449 990 534 1015 esse
562 979 792 1024 exemplum:
825 980 840 1014 1
871 977 989 1024 praef.
1018 977 1041 1013 5
1069 977 1472 1022 contemptissimorum
1502 978 1678 1015 vitiorum
1714 979 1931 1017 officinas
1960 993 2025 1028 gu-

192 1046 311 1084 losius
340 1043 606 1082 condiendi
634 1043 736 1081 cibos
766 1045 804 1081 et
830 1042 1060 1081 luxuriosius
1088 1041 1232 1079 fercula
1259 1042 1478 1079 struendi
1507 1053 1591 1080 esse
1619 1043 1758 1082 audivi.

378 1111 436 1147 De
462 1109 713 1145 locutionibus
745 1108 1071 1155 „praecipiendum
1098 1108 1241 1144 habeo“
1274 1111 1312 1143 et
1339 1108 1523 1144 similibus
1551 1108 1638 1144 vide
1667 1119 1780 1155 supra
1806 1123 1891 1158 pag.
1925 1112 1983 1149 12.

376 1177 589 1215 Dativus
617 1175 886 1222 gerundivi,
930 1175 992 1220 qui
1019 1175 1106 1211 inde
1134 1186 1156 1210 a
1183 1174 1293 1211 Livio
1321 1185 1404 1211 cnm
1445 1175 1714 1213 adiectivis
1742 1179 1987 1225 connectitur,
2008 1181 2033 1223 ¹)

191 1255 214 1281 a
240 1242 448 1281 Columella
476 1240 626 1287 saepius
654 1240 709 1277 ita
735 1240 945 1278 adhibetur.
977 1240 1082 1287 VIII,
1104 1238 1162 1286 14,
1192 1238 1215 1275 4
1231 1238 1428 1276 anseribus
1448 1240 1693 1278 admittendis
1712 1244 1859 1288 tempus
1887 1247 1966 1290 apt
1985 1245 2043 1281 is-

191 1311 357 1348 simnm.
384 1309 452 1356 IV,
472 1307 533 1355 33,
564 1306 583 1344 1
613 1311 794 1344 castanea
813 1309 872 1344 est
891 1306 1129 1344 stabiliendis
1170 1305 1294 1344 vineis
1328 1306 1518 1344 habilis.
1547 1308 1634 1355 VII,
1668 1307 1723 1356 12,
1747 1308 1792 1346 11
1832 1321 1955 1348 mares
1994 1333 2039 1337 —

191 1375 364 1412 ineundis
392 1373 542 1411 feminis
569 1372 772 1410 habiles.
799 1373 889 1420 XII,
922 1372 978 1419 13,
1010 1373 1029 1409 1
1059 1383 1170 1409 caseo
1197 1373 1456 1418 praeparando
1484 1372 1709 1411 idoneum
1735 1377 1893 1422 tempus.
1920 1377 1974 1423 II,
2006 1378 2039 1423 2,

196 1442 210 1476 1
236 1443 378 1476 terram
406 1437 702 1486 progenerandis
730 1448 815 1474 esse
843 1437 982 1474 fetibus
1009 1436 1417 1483 inhabilem.·VIIL
1446 1438 1481 1483 5,
1510 1438 1723 1475 5novellae
1743 1440 1863 1487 magis
1883 1442 2041 1478 edendis

192 1518 301 1552 quam
330 1505 575 1542 excludendis
604 1504 685 1541 ovis
713 1504 938 1541 utiliores
980 1507 1075 1541 sunt.
1117 1503 1225 1550 VIII,
1256 1503 1314 1549 11,
1348 1504 1392 1539 15
1420 1503 1589 1541 locustae
1619 1527 1667 1531 -—
1694 1506 1842 1544 utiles
1871 1508 2040 1545 cibandis

191 1571 305 1617 pullis
332 1571 527 1607 habentur.
555 1569 645 1615 XII,
674 1568 735 1616 52,
765 1568 787 1606 6
816 1570 899 1606 oleo
927 1569 1156 1606 conficiendo
1184 1569 1306 1605 molae
1333 1568 1559 1606 utiliores
1587 1573 1684 1607 sunt.

375 1636 641 1672 Adnotandum
661 1644 805 1681 quoque
834 1637 903 1682 est,
932 1634 1177 1672 Columellam
1205 1636 1246 1670 ut
1273 1633 1347 1670 iam
1376 1634 1525 1671 Livium
1554 1638 1593 1672 et
1620 1640 1844 1682 praesertim
1872 1638 2035 1675 Plinium

193 1705 232 1739 et
257 1702 428 1739 Tacitum
457 1701 664 1737 dativum
704 1701 963 1747 gerundivi
1002 1711 1143 1746 ponere
1188 1711 1272 1746 pro
1314 1700 1564 1738 enuntiato
1606 1700 1767 1738 finali:
1811 1702 1897 1749 VII,
1932 1704 1987 1749 12,
2017 1702 2040 1740 2

192 1767 353 1805 alterum
380 1776 498 1815 genus
526 1765 782 1813 propellendis
811 1765 957 1803 iniuriis
985 1765 1175 1803 hominum
1203 1775 1246 1802 ac
1274 1764 1439 1802 ferarum
1467 1766 1629 1813 eligitur.

377 1834 438 1869 Ad
465 1835 672 1869 extremum
701 1843 844 1878 moneo,
874 1833 1131 1877 Columellam,
1160 1842 1244 1867 cum
1271 1832 1388 1868 verba
1414 1831 1682 1877 impersonalia
1713 1834 2038 1878 „poenitendi“

193 1900 231 1935 et
262 1896 508 1945 „pudendi“
539 1899 716 1944 tanquam
743 1896 960 1945 personalia
975 1896 1165 1943 adhibeat,
1194 1895 1323 1933 formis
1346 1896 1707 1943 „poenitendus“
1738 1899 2042 1946 ‚‚pudendus“

193 1964 258 2011 uti,
287 1975 397 2010 quem
423 1974 531 2001 usum
559 1963 689 2010 optimi
716 1964 920 2010 scriptores
958 1964 1150 2010 aspernati
1179 1966 1276 2001 sunt.
1306 1963 1357 2010 ΙΙ,
1387 1963 1420 2010 2,
1449 1963 1472 1999 6
1492 1973 1585 2010 ager
1612 1964 1743 2000 colono
1765 1967 1824 2001 est
1842 1966 2038 2012 poeniten-

192 2031 271 2067 dus.
302 2029 320 2067 1
351 2029 467 2076 praef.
499 2028 544 2066 13
571 2028 762 2076 flagitiosa
790 2031 828 2066 et
855 2030 1126 2075 quodammodo
1156 2029 1331 2075 pudenda
1359 2027 1574 2074 disciplina.

1064 2115 1084 2162 ἓ
1114 2113 1173 2153 48.

970 2178 1041 2219 De
1072 2179 1270 2228 supino.

378 2250 500 2287 Usus
541 2248 785 2294 utriusque
825 2248 980 2295 supini
1020 2250 1120 2295 apud
1148 2249 1394 2286 Columellam
1434 2236 1804 2296 angustissimis
1848 2249 2044 2289 finibus

195 2315 418 2353 continetur.
465 2314 634 2361 Namque
662 2313 844 2362 supini,
874 2315 971 2361 quod
1000 2314 1080 2352 exit
1106 2314 1146 2351 in
1176 2313 1290 2362 „um“
1320 2325 1450 2351 unum
1478 2315 1734 2352 tantummodo
1763 2314 1893 2353 inveni
1922 2326 2045 2354 exem-

193 2382 314 2427 plum:
343 2381 413 2428 IX,
442 2380 476 2428 5,
508 2381 527 2417 1
558 2392 640 2417 cum
668 2382 853 2427 prodeunt
879 2380 1096 2425 pabulatum
1124 2391 1225 2426 apes.
1280 2380 1448 2425 Supini
1481 2391 1583 2426 vero,
1626 2382 1726 2425 quod
1753 2382 1979 2419 terminatur
2007 2384 2045 2420 in

198 2447 296 2495 „u“,
324 2448 419 2485 haec
446 2447 684 2494 reperiuntur
712 2447 902 2493 exempla:
935 2445 1006 2493 III,
1040 2447 1071 2493 1,
1101 2444 1124 2483 4
1152 2445 1266 2483 facile
1294 2446 1423 2484 dictu
1451 2449 1520 2484 est.
1574 2446 1682 2495 VIII,
1711 2445 1747 2494 8,
1776 2446 1800 2485 8
1829 2460 1904 2487 non
1931 2448 2044 2487 facile

194 2512 326 2549 dictu
353 2514 422 2548 est.
476 2512 546 2559 IX,
576 2511 636 2559 11,
664 2512 690 2547 4
717 2514 776 2562 081
803 2514 928 2548 autem
955 2510 1079 2547 facilis
1108 2513 1366 2556 conspectu
1392 2522 1471 2547 rex.

370 2630 390 2667 ι>
414 2631 475 2661 err.
502 2633 637 2669 Draeger
661 2632 696 2661 Η.
721 2633 750 2661 S.
776 2633 798 2660 ll
822 2640 872 2668 pg.
896 2632 951 2659 837
974 2638 1021 2667 sq.
1046 2630 1149 2659 Semel
1173 2633 1294 2660 tantum
1316 2631 1512 2661 adiectivum
1537 2633 1813 2668 ‚,accomodatus“
1835 2634 1919 2672 apud
1934 2634 2045 2663 Cicer-

195 2689 288 2710 onem
311 2682 470 2710 invenitur
492 2689 565 2710 cum
587 2682 651 2710 dat.
675 2689 739 2715 ger.
763 2682 983 2712 coniunctum:
1008 2680 1047 2709 de
1072 2688 1139 2709 sen.
1164 2683 1212 2710 70.
