2290 3102
1044 252 1089 258 -
1145 229 1195 272 32
1249 252 1297 258 -

1043 337 1168 390 caput
1191 338 1268 380 ΧΙΙ.

509 451 593 516 De
636 452 955 517 enuntiatis
1000 453 1482 518 coniunctionibus
1527 454 1811 520 subiectis.

1105 576 1125 622 ξ
1154 574 1214 613 49.

741 641 813 683 De
847 643 1150 684 enuntiatis
1185 643 1578 693 temporalibus.

414 709 611 755 Perpauca
654 707 692 745 in
737 707 807 745 hoc
848 707 971 754 capite
1006 710 1333 747 commemoranda
1374 712 1472 747 sunt.
1505 709 1631 757 „Cum
1668 709 1976 747 iterativum“
2008 721 2090 746 cum

227 774 492 812 indicativo
520 773 686 819 ponitur:
732 773 749 809 1
780 774 898 819 praet.
933 775 977 810 18
1006 777 1157 811 veteres
1186 775 1357 821 Romani,
1395 786 1495 812 cum
1524 775 1722 812 consilium
1754 775 1943 822 publicum
1972 774 2090 812 desi-

227 840 375 878 derab
387 840 511 886 atur,
550 849 571 876 e
599 838 703 876 villis
731 839 1025 877 arcessebantur
1061 840 1100 877 in
1128 843 1313 878 senatum.
1368 841 1459 888 XII,
1489 840 1549 888 44,
1578 840 1601 878 5
1638 852 1733 888 quae
1761 853 1855 889 cum,
1885 852 2085 887 praepara-

226 908 337 944 verat
364 927 411 931 —
440 904 710 951 praecipiebat.

417 971 545 1019 „Cum
582 971 865 1017 tempora}e“
914 982 996 1009 cum
1042 972 1312 1010 indicativo
1354 973 1556 1019 perfecti
1597 972 1778 1010 occurrit:
1823 972 1934 1019 XIII,
1969 971 2029 1019 26,
2067 974 2090 1009 9

227 1040 400 1084 quartum
427 1036 618 1073 insitionis
647 1046 767 1082 genus
795 1037 870 1073 iam
899 1037 1104 1085 docuimus,
1135 1049 1217 1075 cum
1246 1040 1293 1075 de
1321 1038 1462 1075 vitibus
1491 1037 1777 1084 disputavimus.

416 1102 548 1150 „Cum
582 1101 765 1139 subito“
814 1113 881 1149 pro
913 1103 1259 1151 „simulatque“
1304 1104 1456 1142 videtur
1495 1106 1715 1150 usurpatum
1752 1114 1854 1141 esse:
1901 1103 1971 1150 IX,
2001 1102 2035 1149 9,
2065 1103 2087 1140 3

227 1171 411 1215 quaedam
438 1169 561 1214 (apes)
589 1162 726 1213 sole'nt,
755 1178 842 1203 cum·
867 1168 991 1204 subito
1020 1172 1236 1217 evaserunt,
1266 1170 1348 1206 sine
1377 1169 1615 1206 cunctatione
1653 1178 1694 1205 se
1722 1168 1925 1216 proripere.

413 1233 668 1272 Insolentiore
701 1233 848 1271 ratione
886 1234 979 1281 „ut“
1028 1235 1127 1273 idem
1170 1236 1386 1283 significans
1427 1237 1525 1281 quod
1570 1236 1682 1281 „ubi
1722 1235 1959 1281 primum“,
2006 1246 2088 1271 cum

227 1300 536 1339 coniunctivo
564 1299 780 1346 perfecti
807 1299 970 1346 positum
999 1302 1072 1338 est:
1103 1301 1211 1349 VIII,
1240 1302 1275 1349 5,
1308 1302 1353 1339 15
1381 1300 1503 1348 pullos
1532 1302 1655 1338 autem
1685 1311 1759 1338 non
1788 1302 1936 1347 oportet
1962 1300 2087 1348 singu-

225 1370 295 1413 los,
324 1370 366 1404 ut
393 1367 551 1412 quisque
579 1367 691 1401 natus
721 1365 782 1410 sit,
811 1366 960 1411 tollere,
990 1368 1058 1401 sed
1086 1378 1158 1402 uno
1188 1367 1249 1402 die
1278 1368 1316 1402 in
1344 1367 1459 1402 cubili
1486 1367 1623 1401 sinere.

411 1432 472 1469 Ad
490 1430 606 1468 latius
626 1429 777 1467 dicendi
796 1440 915 1477 genus
933 1431 1124 1477 pertinere
1143 1431 1321 1470 videntur
1347 1431 1547 1469 formulae:
1577 1442 1724 1477 usque
1752 1443 1816 1478 co,
1841 1432 1939 1467 dum
1959 1431 2007 1477 V,
2030 1432 2087 1467 11,

225 1501 265 1546 63
294 1500 385 1545 XII,
429 1498 489 1544 20,
530 1497 565 1532 4.
601 1496 790 1538 tamdiu,
821 1497 921 1531 dum
950 1497 1037 1543 VII,
1067 1496 1101 1542 6,
1131 1496 1173 1544 8;
1215 1497 1285 1543 XI,
1314 1498 1350 1543 3,
1384 1496 1444 1533 51.
1482 1506 1627 1541 usque
1655 1506 1719 1542 eo,
1749 1496 1901 1541 quoad
1931 1495 1997 1542 VI,
2026 1494 2086 1547 31,

225 1566 267 1612 23
296 1574 520 1609 quamquam
550 1562 735 1598 eiusmodi
762 1561 972 1598 locutiones
1001 1573 1048 1599 ne
1077 1563 1176 1609 apud
1204 1562 1423 1599 Ciceronem
1451 1561 1602 1607 quidem
1630 1562 1775 1598 desunt.
1799 1562 1824 1606 ¹)

1105 1653 1124 1698 ξ
1153 1650 1213 1689 50.

736 1729 810 1771 De
851 1728 1149 1771 enuntiatis
1180 1729 1573 1781 comparativis.

410 1807 480 1842 Ad
500 1807 841 1851 comparandas
870 1816 945 1842 res
971 1806 1199 1851 aequales
1221 1806 1430 1843 Columella
1444 1805 1635 1842 nonnullis
1655 1804 1908 1851 particulis
1937 1803 2086 1841 minus

224 1871 421 1911 usitatis
451 1870 584 1909 utitur:
617 1872 981 1919 „aeque-quam“
1003 1884 1070 1918 pro
1094 1873 1361 1919 „aeque-ac“
1392 1873 1501 1918 VIII,
1531 1870 1591 1918 12,
1620 1870 1644 1908 2
1671 1872 1794 1907 locum
1822 1881 1940 1915 aeque
1969 1871 2087 1907 muni-

224 1941 304 1974 tum
334 1940 374 1974 et
400 1937 569 1983 apricum
597 1947 707 1982 quam
736 1937 898 1974 columbi
926 1937 1158 1974 desiderant.
1193 1938 1301 1985 VIII,
1334 1938 1391 1984 17,
1416 1935 1473 1974 13.
1514 1937 1557 1984 V,
1588 1937 1623 1983 5,
1653 1937 1675 1973 7
1704 1936 1788 1982 (sed
1815 1935 1886 1973 hoc
1913 1935 1995 1973 loco
2025 1946 2084 1973 co-

225 2004 329 2041 dices
358 2014 433 2040 non
462 2000 698 2051 congruunt).
732 2004 817 2050 „Ae
829 2014 883 2048 qu
895 2003 1028 2040 e-ac“·
1051 2004 1192 2050 legitur
1220 2004 1289 2050 IX,
1309 2003 1344 2050 5,
1366 2004 1406 2040 2:
1436 2014 1554 2047 aeque
1584 2002 1683 2038 enim
1711 2001 1939 2048 dedignatur
1958 2001 2082 2048 (apis),

225 2070 257 2107 si
286 2069 409 2107 minus
437 2079 533 2116 pura
560 2067 693 2105 habita
721 2070 791 2115 est,
820 2079 865 2105 ac
893 2068 926 2105 si
953 2070 1140 2106 tractetur
1166 2068 1437 2106 fraudulenter.
1466 2089 1514 2094 —
1547 2067 1837 2114 „Velut-ita“
1867 2067 1939 2113 III,
1973 2066 2032 2113 18,
2062 2069 2085 2103 5

223 2136 330 2173 velut
356 2145 425 2181 per
451 2134 629 2179 fistulam,
658 2133 714 2170 ita
740 2144 808 2179 per
835 2136 1005 2179 apertam
1032 2134 1123 2171 vitis
1153 2134 1357 2171 medullam
1384 2134 1517 2170 humor
1543 2132 1717 2169 trahitur.
1768 2132 1948 2180 „Sicut“
1981 2132 2085 2169 sine

224 2200 471 2249 particula
497 2199 819 2247 respondenti
859 2197 986 2250 („ita“
1021 2200 1154 2248 „sic“)
1195 2200 1345 2247 ponitur
1372 2200 1459 2248 VII,
1491 2201 1524 2247 7,
1553 2199 1578 2236 4
1615 2198 1712 2236 sicut
1739 2199 1777 2236 in
1804 2199 1919 2237 ovillo
1947 2210 2083 2246 pecore

223 2268 461 2314 praedictum
489 2269 559 2312 est,
589 2265 742 2312 caprino
772 2266 1017 2303 medebimur.

409 2332 611 2370 Nonnullis
638 2331 733 2369 locis
771 2331 1027 2369 enuntiata
1069 2331 1388 2378 comparativa
1429 2331 1598 2368 mutila
1638 2331 1816 2368 videntur
1858 2341 1955 2376 esse,
1999 2341 2082 2366 cuin

223 2408 429 2446 pronomen
457 2396 797 2435 demonstrativum
826 2397 865 2435 in
894 2396 1089 2435 enuntiato
1118 2396 1295 2444 primario
1324 2396 1530 2445 omittatur,
1560 2396 1622 2444 qui
1642 2407 1731 2435 usus
1751 2395 2074 2443 primumaLivio

224 2465 413 2501 admissus
443 2468 512 2501 est.
532 2462 560 2510 ²)
588 2465 656 2511 IV,
686 2463 746 2510 16,
776 2465 799 2500 3
828 2467 968 2509 quanto
996 2463 1150 2509 propius
1192 2466 1365 2499 truncum
1407 2462 1527 2499 ridica
1572 2463 1764 2509 statuitur,
1807 2461 1981 2499 stabilior
2009 2463 2079 2498 est.

400 2573 420 2608 1)
445 2574 507 2601 Ct'r.
532 2575 568 2601 H.
594 2574 764 2601 Hellmuth:
789 2574 834 2600 De
855 2574 1013 2600 sermonis
1040 2572 1311 2608 proprietatibuS,
1349 2579 1428 2607 quae
1460 2573 1487 2598 in
1513 2570 1673 2607 prioribus
1696 2570 1858 2597 Ciceronis
1882 2568 2082 2597 orationibus

225 2622 431 2650 inveniuntur
455 2622 485 2649 in
508 2622 577 2650 Act.
603 2628 682 2649 sem.
728 2620 851 2657 Erlang.
876 2621 885 2648 1
909 2628 958 2659 pg.
984 2623 1048 2652 461,

397 2671 419 2707 2)
445 2672 583 2705 Draeger
605 2672 640 2699 H.
665 2672 695 2698 S.
730 2672 755 2698 11
777 2679 826 2705 pg.
853 2674 920 2699 655.
