2290 3102
1045 340 1298 376 —27-

249 449 433 486 enuntiati
465 448 689 486 coniunctis:
718 449 787 495 IX,
816 447 852 495 2,
885 449 900 484 1
932 459 1053 493 neque
1080 448 1299 494 diligentius
1328 450 1521 496 quicquam
1552 451 1717 497 praecipi
1746 453 1880 497 potest.
1910 462 2019 496 quam
2048 452 2093 488 ab

249 513 398 560 Hygino
426 513 501 550 iam
529 513 668 550 dictum
696 516 766 560 est,
794 523 865 549 nec
892 512 1060 549 ornatius
1089 523 1199 557 quam
1214 514 1384 561 Vergilio
1413 526 1481 552 nec
1508 516 1723 563 elegantius
1744 527 1853 562 quam
1869 516 1991 552 Celso.
2021 516 2093 562 III,

253 582 283 626 1,
312 582 336 617 3
363 581 402 618 in
429 582 549 618 densa
575 591 649 617 non
677 580 798 617 miuus
826 591 936 625 quam
953 579 993 616 in
1014 580 1193 627 resoluta,
1222 592 1336 628 saepe
1356 582 1468 619 etiam
1488 583 1620 629 gracili
1641 586 1753 628 atque
1772 583 1900 629 pingui
1918 605 1958 608 —
1979 586 2093 620 terra.

247 646 298 694 ΙΙ,
329 644 388 693 10,
418 644 440 683 4
468 645 531 684 vel
559 645 598 682 in
624 647 795 683 vetereto
823 645 887 682 vel
914 644 1048 682 melius
1074 644 1204 693 pingui
1231 648 1270 683 et
1296 646 1457 684 restibili
1485 659 1587 695 agro.
1625 648 1655 695 Ι,
1682 649 1715 695 7,
1741 648 1764 684 2
1788 650 1902 685 tenax
1924 659 2009 685 esse
2037 647 2095 684 sui

246 712 340 748 iuris
367 712 481 748 debet
508 711 606 748 sicut
632 711 671 747 in
698 711 830 747 diebus
858 710 1111 756 pecuniarum,
1140 714 1182 747 ut
1206 712 1320 758 lignis
1351 715 1389 748 et
1416 713 1553 749 ceteris
1571 713 1701 759 parvis
1722 713 2002 749 accessionibus
2018 714 2095 749 exi-

247 776 392 823 gendis.
426 777 495 813 III.
516 775 551 823 3,
572 775 594 813 6
623 786 690 822 per
717 774 917 813 avaritiam
949 775 1012 812 vel
1034 775 1271 813 inscientiam
1301 778 1363 814 vel
1384 789 1450 823 per
1473 778 1765 825 neglegentiam.
1792 799 1839 803 —-
1858 778 2094 824 Praepositio

252 872 267 889 „
287 842 297 878 i
314 854 337 879 n
356 841 372 859 ‘⁴
391 852 654 887 nonnunquam
668 843 816 879 demum
830 841 869 878 in
883 842 1046 878 seeundo
1061 842 1225 879 membro
1241 843 1405 889 ponitur:
1440 844 1511 890 ΙΙΙ,
1545 843 1598 891 15,
1620 845 1635 880 1
1655 854 1780 880 macro
1796 844 1877 880 solo
1899 865 1941 869 —
1958 844 1995 880 in
2016 844 2094 890 pin-

247 908 321 954 gui.
349 907 440 954 XII,
472 906 528 953 16,
560 907 578 943 1
607 908 727 944 aheno
756 908 818 944 vel
845 908 883 943 in
910 907 986 944 olla
1013 919 1112 944 nova
1140 928 1187 932 —-
1214 908 1385 945 lixiviam
1415 930 1462 934 —
1490 909 1656 946 calefieri
1683 909 1870 946 convenit.

432 972 490 1009 De
518 972 765 1009 collocatione
793 972 1110 1019 praepositionum
1138 972 1225 1009 vide
1254 972 1353 1009 infra
1380 984 1438 1020 pg.
1475 973 1533 1010 41.

1069 1126 1194 1176 caput
1219 1127 1276 1167 lx.

418 1212 500 1277 De
542 1212 819 1277 infinitivo
864 1214 1042 1296 atque
1086 1213 1421 1278 accusativo
1468 1232 1594 1277 cum
1636 1212 1928 1277 infinitivo.

1120 1345 1140 1392 ἓ
1169 1343 1231 1382 42.

438 1427 490 1462 In
501 1425 744 1471 finitivus,
787 1425 1088 1462 commodissima
1116 1425 1184 1462 illa
1211 1426 1375 1462 sermoni
1403 1426 1592 1462 cotidiano
1621 1428 1828 1471 structura,
1850 1429 1875 1471 ¹)
1904 1427 2095 1462 nonnullis

251 1490 379 1528 verbis
407 1490 655 1537 subiungitur,
686 1501 706 1527 e
734 1490 866 1536 quibus
894 1492 992 1537 apud
1020 1493 1171 1529 veteres
1201 1491 1405 1538 scriptores
1439 1492 1522 1539 „ut“
1551 1493 1612 1529 vel
1632 1492 1709 1528 alia
1728 1492 1914 1538 particula
1933 1493 2098 1538 pendere

257 1557 366 1602 solet,
395 1567 617 1601 quamquam
644 1567 730 1592 raro
757 1556 963 1593 infinitivus
991 1567 1135 1602 quoque
1163 1557 1391 1594 admittitur:
1428 1556 1507 1593 Nec
1543 1558 1753 1593 absistat
1788 1558 1825 1593 id
1854 1558 1979 1593 facere
2008 1558 2097 1603 XII,

251 1621 286 1670 9,
315 1621 338 1660 4
367 1621 465 1670 (Liv.
495 1622 581 1660 Val.
609 1622 708 1660 Max.
737 1621 864 1669 poet).
925 1622 1127 1670 Agricolae
1168 1622 1402 1669 captantis
1439 1621 1603 1668 undique
1644 1622 1859 1669 voluptates
1902 1622 2097 1669 acquirere

248 1687 356 1733 VIII,
389 1688 446 1733 ll,
477 1686 495 1723 1
526 1685 609 1731 (Ov.
638 1686 824 1732 Phaedr.).
868 1686 1053 1722 Censeo
1095 1687 1210 1733 igitur
1247 1688 1288 1723 in
1322 1687 1527 1732 propinquo
1569 1698 1699 1733 agrum
1741 1687 1900 1723 mercari
1928 1689 1958 1732 Ι,
1989 1686 2023 1733 2,
2057 1689 2096 1733 1;

248 1753 300 1799 ΙΙ,
332 1754 389 1799 11,
418 1751 462 1800 3;
491 1753 563 1799 ΙΙΙ,
596 1754 627 1799 1,
648 1751 690 1800 4;
718 1752 826 1798 VIII,
850 1750 908 1799 13,
929 1750 952 1789 3
980 1752 1232 1800 (saepissime)
1245 1754 1283 1798 2).
1318 1752 1478 1790 Bubulci
1505 1764 1578 1790 non
1606 1752 1917 1790 committunt
1944 1764 2098 1790 scamna

248 1816 376 1854 faeere
403 1817 454 1865 II,
490 1817 527 1865 4,
556 1816 590 1854 3.
633 1814 715 1866 (Ov.
748 1816 836 1853 Met.
871 1816 940 1864 IX,
982 1815 1082 1867 632).
1137 1817 1389 1865 Contingit
1429 1818 1622 1864 palumbos
1663 1817 1928 1864 pinguissimos
1970 1818 2096 1853 facere

248 1884 357 1929 VIII,
385 1883 420 1929 8,
451 1882 518 1928 1.³)
570 1884 704 1929 Locus,
751 1894 859 1928 quem
900 1884 1047 1929 saepire
1081 1884 1409 1921 destinaveris
1457 1884 1525 1929 XI,
1568 1883 1601 1929 3,
1631 1883 1670 1930 43
1708 1883 1777 1929 XI,
1807 1883 1841 1929 3,
1872 1883 1929 1919 13.
1973 1884 2096 1928 (Caes.

248 1949 282 1987 b.
311 1959 341 1987 c.
370 1948 401 1997 I,
429 1946 490 1997 33,
519 1947 552 1987 4.
586 1947 667 1987 Liv.
696 1947 772 1997 al.).
833 1948 1007 1987 Custodis
1050 1959 1177 1987 curam
1217 1958 1291 1986 non
1332 1947 1549 1996 effugiat
1586 1948 1789 1986 observare
1817 1947 1925 1994 VIII,
1960 1948 2017 1995 ll,
2050 1945 2097 1985 12

249 2013 360 2063 (apud
389 2016 509 2052 solum
537 2014 808 2061 Columellam).
874 2015 951 2051 Mel
983 2017 1044 2052 ter
1075 2015 1264 2052 infervere
1305 2014 1453 2051 facito
1489 2015 1578 2061 XII,
1619 2013 1678 2060 38,
1708 2013 1742 2051 5.
1785 2014 1926 2060 (Etiam
1951 2009 2098 2051 'Cicero

251 2081 370 2118 semel
396 2081 451 2118 ita
478 2080 647 2127 scripsit:
678 2081 783 2117 Brut.
812 2081 873 2127 38,
906 2079 994 2128 1423
1025 2082 1092 2118 sed
1120 2081 1215 2117 alias
1244 2079 1436 2116 rarissime
1464 2079 1501 2116 id
1530 2079 1748 2124 invenitur.)
1763 2080 1793 2125 ⁴)
1833 2079 1925 2115 Cato
1954 2079 2098 2125 agrico-

249 2145 430 2182 lationem
456 2145 575 2182 latine
602 2145 705 2191 loqui
732 2145 872 2192 primus
900 2144 1120 2182 instituit
1147 2146 1177 2193 I,
1207 2143 1240 2192 1,
1266 2143 1363 2192 12⁵)
1399 2145 1539 2182 Vineas
1560 2144 1697 2191 mergis
1718 2155 1928 2192 propagare
1949 2145 2098 2181 Atticus

250 2211 499 2259 praecipit
525 2211 592 2258 IV,
622 2212 657 2258 2,
686 2212 709 2248 3
738 2211 868 2258 (etiam
897 2210 970 2248 Cic.
999 2213 1038 2248 et
1055 2212 1281 2258 praesertim
1299 2212 1555 2258 posteriores).
1593 2212 1877 2248 Praemoneo
1908 2213 2099 2248 serentem

251 2279 406 2315 ventum
434 2298 480 2302 —
510 2276 633 2314 vitare
660 2277 732 2323 ΙΙΙ,
765 2275 821 2323 19,
851 2274 885 2312 2.
931 2276 1042 2313 Multi
1068 2278 1410 2323 praetulerunt
1437 2287 1565 2313 carere
1593 2276 1791 2322 penatibus
1820 2276 1850 2322 I,
1872 2277 1907 2322 3,
1929 2275 1952 2312 6
1972 2277 2098 2321 (Auct.

250 2343 284 2380 b.
312 2343 423 2380 Alex.
451 2342 520 2389 VI,
549 2343 584 2389 5,
615 2340 648 2379 1.
676 2340 791 2391 Hor).
819 2341 1028 2389 Quaerat
1055 2353 1204 2389 semper
1231 2343 1438 2389 addiscere,
1490 2343 1586 2387 quod
1613 2341 1764 2388 ignorat
1791 2341 1821 2388 I,
1854 2339 1889 2387 8,
1923 2340 1980 2377 13.
2024 2341 2100 2386 (Ita

250 2409 385 2454 poetae
412 2407 529 2445 locuti
556 2408 661 2454 suut3
705 2408 792 2444 ante
821 2407 1067 2445 Columellam
1094 2408 1164 2445 hoc
1192 2409 1290 2454 apud
1317 2408 1458 2445 nullum
1487 2407 1632 2444 solutae
1661 2406 1844 2444 orationis
1873 2407 2095 2453 scriptorem

427 2580 448 2615 l)
471 2582 504 2609 O.
530 2579 670 2615 Rebling,
694 2580 712 2610 l.
734 2578 754 2607 l.
779 2586 832 2614 pg.
855 2580 901 2606 45.

423 2628 446 2664 ²)
470 2628 533 2657 crr.
559 2628 631 2657 Hor.
655 2635 705 2665 cp.
732 2627 754 2661 1,
775 2629 803 2660 2,
829 2628 844 2653 9
867 2628 976 2654 censet
998 2626 1071 2654 belli
1096 2627 1280 2663 praecidere
1302 2634 1442 2654 causam.

426 2677 450 2714 ⁸)
474 2678 536 2707 Cir.
560 2678 671 2707 Cicero
692 2685 750 2715 pro
772 2675 865 2705 Areh.
890 2677 917 2711 3,
944 2677 969 2705 k.

425 2725 447 2759 ⁴)
473 2726 534 2753 Cir.
560 2727 676 2753 Archiv
698 2726 737 2752 111
761 2732 809 2760 pg.
837 2727 903 2751 ⁴8⁴.

423 2771 446 2811 ⁵)
470 2772 531 2803 Cfr.
557 2773 645 2811 Verg.
670 2773 726 2803 ecl.
748 2773 798 2809 111,
822 2773 858 2801 22
880 2771 942 2803 Pan
965 2771 1087 2811 primus
1109 2770 1247 2801 calamos
1269 2777 1340 2800 cera
1363 2770 1555 2808 coniungere
1578 2769 1688 2808 plures
1711 2769 1858 2799 instituit.
1887 2816 1925 2848 4·
