2290 3102
1005 364 1256 399 -01-

207 472 383 509 duobus
412 475 555 509 tantum
584 472 706 509 locis
749 473 952 510 invenitur:
991 473 1034 520 V,
1064 472 1099 520 9,
1128 473 1151 511 5
1193 473 1434 511 seminarium
1465 485 1487 510 a
1515 473 1708 520 putatione
1747 472 1935 509 abstinere
1965 483 2049 508 con-

209 538 332 585 venit;
363 541 401 575 et
429 538 494 585 VI,
524 537 584 585 26,
614 537 647 575 3
686 560 730 563 —
770 539 873 576 Vites
903 540 1012 586 plane
1040 539 1254 586 longinquis
1283 539 1497 586 regionibus
1535 538 1815 576 arcessitae
1845 538 1914 582 III,
1944 539 1979 575 9.
2011 537 2052 583 33

212 605 371 641 alteram
402 609 527 641 tanim
557 606 871 642 constructionem
900 606 1069 643 exhibet:
1099 607 1165 653 VI,
1188 604 1223 652 2,
1247 605 1292 642 13
1313 606 1479 653 cogimur
1499 619 1544 643 «x
1564 605 1765 652 longinquo
1793 605 1909 641 boves
1932 616 2053 640 areos·

208 681 302 706 sere.
334 691 380 694 —
419 670 519 707 Satis
548 670 675 707 mirari
704 683 777 707 non
804 683 954 718 possum
994 693 1039 696 ——
1077 672 1225 709 Celsum
1256 672 1311 708 sic
1343 675 1380 709 et
1409 673 1599 708 sententia
1635 675 1673 708 et
1700 671 1784 708 visu
1821 672 2051 706 deerasse

212 737 262 781 11,
294 738 327 782 2,
360 736 416 773 15.
448 738 560 782 (Vell.
590 739 641 784 II,
670 738 704 784 3,
733 739 758 774 4
786 740 962 775 deerrare
991 742 1102 775 recto.
1134 739 1280 785 Quinct.
1310 740 1339 785 I,
1370 741 1403 785 5,
1432 739 1508 784 46).
1549 761 1590 763 ἢ
1630 740 1661 774 Ι)
1674 750 1723 783 ep
1736 739 1928 782 endere,
1959 748 2051 782 quae

207 813 280 840 vox
325 805 410 849 post
447 803 609 850 Augusti
649 806 811 842 aetatem
863 805 900 842 in
942 804 1102 841 solutam
1148 804 1355 842 orationem
1401 804 1630 851 immigravit
1649 805 1695 851 ¹),
1751 814 1833 840 011111
1887 802 2053 839 ablativo

207 868 441 905 coniunctum
478 872 619 906 exstat:
661 870 747 916 VII,
777 869 812 917 6,
842 869 864 906 2
893 872 989 907 00110
1018 872 1238 907 verruculae
1267 872 1481 916 dependent
1522 874 1577 915 (at
1604 871 1670 916 IV,
1699 868 1760 916 26,
1791 869 1813 905 4
1842 869 2000 904 materia
2031 879 2050 904 e

207 934 356 971 vinculo
399 936 610 984 dependet).
665 936 848 973 Similiter
893 948 939 973 ne
986 937 1147 983 simplici
1193 937 1342 982 quidem
1382 937 1497 973 verbo
1540 936 1777 983 pendendi
1822 934 2051 981 praepositio

206 1000 433 1048 adiungitur,
463 1001 501 1038 id
529 1003 625 1048 quod
654 1003 751 1049 apud
781 1002 940 1049 optimos
969 1002 1174 1049 scriptores
1202 1003 1315 1048 plane
1336 1002 1553 1039 inusitatum
1576 1005 1642 1040 est.
1672 1002 1716 1049 V,
1736 1000 1769 1048 6,
1786 1000 1834 1038 26
1864 1001 2052 1048 palmites,

207 1067 339 1112 quibus
368 1068 510 1104 fructus
538 1069 728 1115 pependit.
785 1068 829 1104 cf.
858 1069 969 1115 XIII,
1000 1070 1058 1114 23,
1089 1070 1122 1104 2.
1155 1090 1199 1093 --
1241 1070 1505 1115 Purgamenta,
1535 1080 1628 1114 quae
1658 1068 1875 1114 corporibus
1905 1068 2055 1104 edunt

208 1134 258 1179 ΙΙ,
292 1134 347 1180 14,
377 1133 412 1170 8.
441 1157 486 1160 —
518 1134 600 1171 Ova
628 1135 826 1171 immatura
853 1135 1082 1181 genitalibus
1111 1135 1203 1171 locis
1239 1135 1462 1172 excidunt
1497 1136 1604 1181 VIII,
1638 1136 1693 1182 11,
1723 1133 1755 1171 5.
1797 1156 1839 1160 —-
1885 1134 2052 1180 Lupinus

206 1209 297 1243 agro
325 1199 458 1234 limoso
498 1200 600 1235 exit
636 1200 687 1245 ΙΙ,
718 1199 777 1245 10,
808 1199 866 1235 13.
897 1200 941 1236 cf.
970 1200 1077 1246 VIII,
1108 1199 1167 1245 17,
1198 1201 1230 1235 2.
1260 1222 1307 1225 -›-
1342 1201 1503 1235 Villicus
1533 1211 1682 1236 servum
1710 1200 1952 1245 compedibus
1981 1211 2055 1235 non

207 1265 384 1302 eximat
417 1266 446 1312 I,
476 1264 510 1312 8,
541 1264 606 1313 16,
648 1266 761 1312 (quod
789 1266 886 1312 apud
913 1268 1044 1312 poetas
1079 1268 1117 1303 et
1143 1265 1230 1303 inde
1264 1278 1285 1303 a
1313 1265 1422 1304 Livio
1452 1265 1565 1303 etiam
1594 1265 1631 1303 in
1659 1277 1770 1313 prosa
1798 1265 1966 1303 oratione
1997 1264 2050 1301 in-

206 1331 382 1378 venitur).
413 1353 462 1357 -
491 1332 530 1368 Si
558 1333 666 1368 modo
694 1332 826 1368 liberis
856 1332 1074 1378 parentibus
1103 1332 1153 1368 sit
1189 1332 1417 1368 oriundus
1446 1333 1477 1378 Ι,
1507 1333 1541 1377 3,
1572 1336 1594 1367 5
1624 1332 1726 1378 (fin.).
1768 1332 1865 1378 (Liv.
1894 1332 2054 1378 poetae).

207 1397 354 1444 Quanto
385 1398 503 1446 magis
532 1399 605 1435 imo
634 1398 729 1435 mari
758 1399 894 1436 venit
922 1400 1023 1435 unda
1051 1399 1158 1445 VIII,
1189 1397 1248 1445 17,
1278 1399 1311 1435 3.
1358 1399 1454 1444 (Hoc
1484 1402 1676 1444 poetarum
1707 1409 1808 1435 more
1837 1398 2001 1444 dicitur).

1075 1494 1094 1540 ξ
1123 1493 1182 1531 36.

393 1565 662 1602 Ablativuln
691 1566 797 1613 loci,
841 1576 949 1611 quem
991 1576 1128 1602 aureae
1170 1566 1371 1602 latinitatis
1416 1567 1618 1611 scriptores
1660 1568 1804 1601 tantum
1845 1564 2055 1600 nominibus

209 1631 353 1668 urbium
382 1634 419 1667 et
447 1632 559 1668 certis
589 1632 811 1677 quibusdam
839 1632 994 1669 vocibus
1029 1632 1255 1679 subiungere
1289 1633 1478 1679 solebant,
1522 1633 1608 1669 inde
1651 1644 1673 1668 a
1711 1632 1821 1669 Livio
1864 1631 1977 1668 etiam
2020 1631 2058 1667 in

210 1708 323 1742 prosa
351 1697 520 1733 oratione
548 1698 697 1744 longius
725 1700 856 1744 patere
884 1700 1010 1734 notum
1040 1700 1109 1733 est.
1163 1698 1235 1744 Qui
1262 1709 1351 1734 usus
1380 1709 1403 1734 a
1431 1698 1641 1734 Columella
1668 1708 1812 1744 quoque
1840 1698 1941 1733 haud
1970 1708 2055 1732 raro

208 1765 420 1807 assumptus
451 1765 519 1807 est,
549 1774 622 1798 non
642 1763 759 1798 solum
782 1762 846 1807 ita,
876 1765 917 1798 ut
936 1763 1172 1799 substantivo
1195 1764 1422 1800 adiectivum
1442 1764 1608 1799 additum
1642 1764 1703 1810 sit,
1733 1765 1800 1800 sed
1834 1763 1946 1799 etiam
1975 1763 2056 1808 ita,

208 1830 256 1864 ut
284 1827 637 1866 substantivum
666 1829 827 1865 nudum
857 1830 1074 1875 ponatur:
1113 1828 1142 1876 I,
1172 1828 1206 1877 2,
1234 1829 1259 1866 4
1297 1833 1446 1876 segetes
1476 1829 1586 1866 siccis
1615 1840 1658 1866 ac
1686 1828 1885 1876 pinguibus
1915 1826 2054 1874 eampis

215 1915 255 1918 —
280 1895 513 1940 proveniunt.
541 1896 601 1931 Ita
620 1906 802 1941 persaepe
823 1895 980 1931 dicitur:
1010 1895 1177 1931 resoluta
1203 1896 1313 1932 humo
1343 1896 1540 1941 provenire
1561 1895 1611 1941 II,
1641 1894 1675 1940 2,
1704 1896 1748 1942 4,
1778 1906 1907 1940 rapum
1938 1895 2056 1930 densa

208 1961 376 1998 nascitur
405 1961 515 1998 humo
545 1961 595 2008 ΙΙ,
629 1960 684 2011 10,
716 1962 774 1998 22.
829 1961 986 1998 Dictaeo
1016 1971 1128 2008 specu
1158 1961 1225 2008 IX,
1255 1960 1289 2008 2,
1320 1960 1352 1998 3.
1408 1961 1611 2008 vocabulo,
1661 1961 1758 2007 quod
1805 1962 1864 1998 est
1907 1959 2056 2007 regio,

208 2026 416 2063 Columella
455 2037 574 2073 paene
616 2037 797 2072 nusquam
838 2026 1155 2072 praepositionem
1198 2026 1330 2062 adicit:
1386 2026 1436 2064 II.
1474 2025 1532 2068 10,
1566 2028 1609 2061 18
1652 2026 1784 2072 Syriae
1826 2025 2054 2072 regionibus.

209 2093 280 2140 ΙΙΙ,
311 2091 370 2140 12,
401 2091 423 2130 6
464 2093 698 2131 ferventibus
739 2093 953 2141 regionibus
987 2094 1028 2130 ut
1055 2092 1227 2139 Aegypto
1268 2095 1306 2129 et
1347 2091 1568 2141 Numidia.‘-')
1623 2091 1789 2129 Verbum
1826 2091 2057 2129 condendi

207 2159 306 2205 apud
342 2158 499 2205 optimos
547 2159 748 2205 scriptores
794 2170 980 2205 nunquam
1021 2169 1101 2195 cum
1138 2158 1235 2194 nudo
1287 2157 1453 2193 ablativo
1509 2157 1763 2204 coniungitur3
1820 2158 1917 2202 quod
1960 2158 2057 2202 apud

208 2224 453 2261 Columellam
498 2235 572 2260 non
618 2227 676 2261 est
721 2225 951 2271 inusitatum,
995 2225 1101 2260 velut
1135 2224 1207 2269 ΙΙΙ,
1246 2224 1279 2269 2,
1308 2222 1331 2258 2
1376 2234 1472 2258 uvae
1515 2223 1616 2258 vasis
1658 2224 1879 2259 conduntur.
1918 2222 1964 2259 cf.
1985 2223 2057 2268 ΙΙΙ,

209 2290 242 2337 2,
272 2287 315 2338 6,
343 2289 415 2337 ΙΙΙ,
444 2289 478 2337 5,
509 2289 550 2339 1,
579 2290 686 2337 VIII,
716 2288 751 2338 8,
783 2291 802 2327 7
832 2290 878 2327 al.
920 2289 1110 2336 „Condere
1138 2288 1176 2326 in
1204 2288 1414 2335 amphoris“
1446 2288 1638 2325 invenitur
1666 2287 1756 2335 XII,
1786 2286 1846 2335 50,
1874 2288 1916 2337 43
1949 2298 2058 2335 „con-

208 2357 298 2392 dere
326 2355 365 2392 in
392 2356 614 2401 amphoras“
646 2356 736 2402 XII,
767 2355 826 2402 17,
858 2355 896 2403 1,
925 2356 1015 2402 XII,
1048 2355 1105 2402 15,
1126 2355 1158 2390 2.
1179 2376 1224 2380 -
1256 2354 1374 2391 Glans
1401 2354 1575 2390 cisternis
1603 2355 1665 2390 vel
1694 2354 1875 2391 tabulatis
1904 2365 2059 2390 recon-

208 2422 365 2458 denda
393 2424 452 2458 est
480 2421 566 2469 VII,
597 2420 630 2468 9,
660 2422 703 2470 8,
732 2421 822 2468 XII,
851 2420 911 2468 53,
942 2421 980 2469 2,
1010 2421 1076 2457 sed
1105 2420 1193 2468 XII,
1225 2420 1284 2468 15,
1314 2419 1335 2456 5
1365 2419 1523 2467 legitur:
1553 2419 1642 2456 ficos
1672 2420 1719 2456 in
1748 2420 1881 2457 vasis
1910 2431 2058 2456 recon-

209 2488 335 2523 dunt.
365 2487 490 2524 Etiam
513 2499 559 2524 ex
586 2487 725 2534 verbis,
755 2498 849 2533 quae
879 2490 965 2523 sunt
996 2487 1209 2533 „ponere“
1242 2490 1278 2523 et
1309 2485 1606 2533 „deponere“,
1636 2487 1786 2523 nudus
1815 2486 2058 2523 ablativus

207 2554 364 2599 pendet:
394 2554 439 2600 V,
470 2552 504 2600 5,
536 2553 554 2589 1
588 2553 701 2589 vitem
727 2553 858 2589 scrobe
888 2575 933 2578 ——
964 2553 1067 2589 sulco
1096 2563 1244 2599 ponere.
1286 2552 1331 2598 V,
1360 2551 1394 2597 4,
1425 2552 1447 2586 2
1483 2551 1586 2587 sulco
1627 2551 1773 2588 semina
1808 2553 2054 2598 deponuntur.

383 2704 401 2737 Ι)
429 2705 479 2731 Cfr
517 2706 534 2730 Ρ
571 2706 679 2735 Buff-⁷210.
719 2706 760 2731 De
784 2706 961 2731 elocutione
984 2705 1016 2731 C.
1042 2705 1181 2730 Suetonii
1206 2704 1377 2738 Tranquilli
1402 2711 1449 2738 pff„
1478 2706 1523 2730 47.

382 2750 403 2786 2)
430 2753 525 2779 celeri
549 2753 608 2780 loci
631 2755 721 2783 sunt:
745 2753 856 2786 l‚⁴,9;
882 2753 902 2785 l,
928 2754 954 2786 6,
983 2754 1035 2786 15;
1062 2752 1095 2786 ll,
1120 2755 1147 2784 2,
1174 2754 1210 2785 9,
1237 2752 1269 2784 ΙΙ,
1294 2755 1319 2781 9,
1346 2753 1397 2783 17,
1425 2752 1459 2784 ΙΙ,
1488 2755 1532 2783 Η,
1553 2754 1585 2784 3,
1615 2752 1774 2785 x'11,3,3;
1799 2752 1860 2784 vll,
1884 2754 1909 2784 5,
1936 2753 1970 2785 7;
1996 2751 2055 2783 vn,

210 2802 237 2835 9,
264 2801 295 2835 Ιι,
322 2801 394 2835 vill,
420 2804 446 2835 8,
476 2805 505 2835 l;
533 2801 607 2837 vni,
632 2804 675 2835 ⁴7,
702 2805 734 2835 4,
762 2801 810 2835 XI,
836 2803 863 2835 2,
888 2802 940 2834 20;
960 2800 1010 2835 XI,
1036 2802 1063 2835 2,
1089 2803 1140 2836 41,
1168 2800 1216 2835 XI,
1242 2802 1269 2835 Ξ,
1295 2802 1352 2836 56;
1385 2799 1435 2835 XI,
1460 2802 1487 2835 2,
1511 2803 1566 2835 60,
1600 2801 1651 2835 XI,
1676 2803 1701 2836 3,
1725 2803 1780 2835 23,
1808 2800 1855 2834 xl,
1882 2802 1907 2834 3,
1934 2801 1979 2828 5⁴.
