2290 3102
1036 262 1290 303 „30-

229 374 289 422 12,
319 377 341 412 7
370 386 441 413 nec
468 375 626 413 multum
653 374 773 413 refert
799 386 859 413 an.
900 376 932 423 Ι,
978 376 1008 423 1,
1051 374 1074 413 3
1103 373 1265 412 scrutari
1306 375 1419 420 atquc
1462 373 1666 411 aestimare
1701 385 1760 410 an.
1808 373 1916 420 VIII,
1946 373 2006 421 11,
2037 374 2084 410 12

228 439 327 483 quod
354 437 504 484 signum
531 437 689 474 habebit
714 448 775 474 an.
814 437 884 483 IX,
913 437 949 484 8,
976 437 1002 473 4
1029 438 1219 484 speculari
1245 449 1305 475 an.
1352 439 1382 486 I,
1411 435 1447 485 8,
1478 437 1526 475 18
1554 448 1736 485 quaerere
1764 449 1823 475 an.

414 503 466 540 In
497 502 887 550 interrogatione
922 502 1162 542 indirecta
1197 514 1466 551 nonnunquam
1498 504 1799 543 indicativus
1841 506 1979 552 exstat,
2021 503 2085 542 ubi

228 570 474 616 exspectatur
500 568 778 617 coniunctivuS,
820 579 931 615 quem
971 580 1079 607 usum
1111 570 1302 618 proprium
1339 581 1425 608 esse
1453 570 1639 608 sermonis
1667 570 1848 609 cotidiani
1875 572 2036 608 constat.
2057 571 2085 617 ¹)

227 635 298 683 IX,
326 636 363 681 3,
392 634 416 672 4
444 645 559 682 saepe
586 634 727 673 morbis
755 634 1069 684 intercipiuntur,
1111 637 1244 683 quibus
1281 637 1594 684 quemadmodum
1630 636 1774 675 mederi
1799 638 1973 684 oportet,
2016 648 2083 673 suo

226 701 310 739 loco
339 701 498 739 dicetur.
540 702 571 749 I,
603 700 639 749 2,
673 703 688 737 1
719 712 790 738 nec
818 701 980 750 ignoret,
1009 702 1185 750 quicquid
1212 702 1251 740 in
1279 712 1323 741 eo
1352 701 1476 751 (agro)
1502 704 1607 741 recte
1633 702 1717 742 fieri
1743 702 1893 752 poterit.

413 768 551 807 Miram
589 769 776 815 quandam
817 768 1048 807 coniunctivi
1088 773 1128 807 et
1167 770 1378 808 accusativi
1417 780 1502 807 cum
1541 770 1727 808 infinitivo
1761 769 2018 808 confusionem
2046 769 2085 808 in

225 834 525 883 interrogatione
552 834 740 873 indirecta
766 834 952 874 invenies:
996 836 1066 885 IX,
1096 837 1130 884 2,
1159 835 1182 874 3
1211 847 1281 874 nec
1308 848 1401 875 sane
1428 837 1570 876 rustico
1598 837 1751 885 dignum
1789 840 1848 874 est
1876 837 2076 883 sciscitari,

226 902 391 940 fueritne
418 902 555 939 mulier
580 901 835 948 pulcherrima
861 902 988 948 specie
1016 902 1186 950 Melissa,
1228 913 1339 948 quam
1366 902 1544 949 Juppiter
1570 902 1610 940 in
1641 912 1751 949 apem
1788 901 1995 950 convertit,
2037 913 2086 939 an

227 989 275 993 —
303 970 347 1005 ut
371 967 609 1005 Euhemerus
636 968 751 1015 poeta
778 966 873 1005 dicit
901 989 940 993 ——
977 968 1224 1006 crabronibus
1253 970 1293 1005 et
1320 969 1402 1007 sole
1429 969 1579 1016 genitas
1620 979 1723 1016 apes,
1765 979 1858 1014 quas
1894 969 2082 1016 nymphae

225 1034 491 1081 Phryxonides
521 1034 797 1079 educaverunt,
836 1043 923 1069 mox
951 1033 1110 1071 Dictaeo
1139 1045 1255 1082 specu
1282 1035 1309 1073 J
1312 1034 1395 1073 ovis
1423 1034 1634 1073 existitisse
1660 1033 1827 1072 nutrices
1855 1044 1995 1081 easque
2021 1045 2086 1080 pa-

225 1099 317 1138 bula
343 1110 499 1137 munere
528 1098 592 1137 dei
619 1099 789 1146 sortitas,
818 1099 952 1145 quibus
980 1099 1087 1146 ipsae
1114 1111 1274 1146 parvum
1302 1102 1560 1138 educaverunt
1586 1100 1788 1137 alumnum.

1106 1190 1127 1238 ξ
1154 1189 1216 1228 46.

813 1257 886 1296 De
919 1257 1218 1298 enuntiatis
1250 1257 1511 1299 relativis.

381 1326 614 1365 Relativis
633 1337 688 1375 ge
700 1327 941 1366 neralibus
957 1329 1056 1375 apud
1075 1328 1362 1376 probatissimos
1382 1328 1586 1376 scriptores
1605 1339 1793 1374 nunquam
1812 1328 1892 1366 fere
1913 1329 2085 1365 coniunc-

225 1395 345 1433 tivum
373 1394 463 1431 addi
491 1396 619 1431 notum
648 1396 718 1431 est.
772 1394 884 1440 Apud
921 1394 1167 1431 Columellam
1203 1395 1264 1432 hic
1301 1396 1433 1431 modus
1474 1395 1677 1441 reperitur:
1721 1394 1807 1439 VII,
1849 1394 1883 1440 5,
1927 1396 1942 1429 1
1989 1405 2084 1438 quae

225 1459 495 1508 (differentiae)
523 1461 663 1504 tamen,
692 1458 1044 1503 quantulaecunque
1072 1458 1193 1506 sint,²)
1221 1470 1295 1496 non
1323 1459 1543 1497 omittentur
1570 1470 1593 1497 a
1620 1458 1738 1497 nobis.
1779 1458 1848 1507 IX,
1872 1457 1930 1507 15,
1951 1457 1974 1497 8
2002 1458 2081 1497 favi

226 1525 506 1573 qualescunque
534 1523 623 1562 sint.

410 1590 679 1628 Relativum
705 1591 936 1637 generale
954 1602 1021 1637 pro
1041 1591 1228 1638 particula
1245 1601 1296 1627 co
1311 1590 1577 1628 ndicionali
1604 1592 1731 1627 exstat
1749 1590 1780 1637 Ι,
1800 1588 1836 1638 2,
1861 1592 1875 1626 l
1903 1589 2077 1636 quicquid

242 1656 340 1694 =si
368 1656 472 1703 quid)
500 1666 592 1693 vero
620 1655 773 1692 dabitur
798 1656 1020 1704 occasionis,
1049 1656 1127 1693 ruri
1155 1656 1327 1694 dominus
1357 1657 1532 1693 moretur.

412 1721 556 1770 Figura
587 1723 812 1769 „eatenus
853 1744 895 1748 —
931 1721 1059 1769 qua“,
1088 1733 1183 1768 quae
1211 1722 1406 1759 rarissime
1434 1723 1636 1768 invenitur,
1653 1721 1680 1771 ³)
1708 1723 1807 1768 apud
1835 1722 2081 1758 Columellam

225 1788 389 1825 occurrit
414 1788 482 1835 IV,
512 1787 547 1835 7,
577 1788 600 1823 2
628 1789 786 1824 eatenus
814 1787 928 1834 plaga
954 1786 1140 1835 consistit,
1170 1797 1243 1834 qua
1269 1786 1474 1835 vestigium
1501 1787 1593 1826 fecit
1619 1787 1732 1826 acies.
1760 1787 1850 1836 XII,
1879 1787 1914 1835 9,
1944 1786 1978 1825 1.

411 1853 569 1901 Nomen,
599 1854 648 1891 ad
676 1854 775 1899 quod
802 1853 1004 1891 relativum
1031 1854 1208 1899 pertinet,
1238 1865 1285 1890 ex
1312 1854 1508 1890 enuntiato
1545 1854 1724 1899 primario
1765 1854 1801 1890 in
1846 1853 2083 1890 enuntiatum

224 1919 428 1958 relativum
454 1918 652 1965 transponi
679 1918 899 1965 plerumque
927 1918 1026 1966 apud
1053 1919 1198 1966 poetas,
1233 1928 1319 1956 raro
1357 1919 1456 1966 apud
1483 1930 1619 1967 prosae
1656 1918 1837 1957 orationis
1878 1919 2082 1966 scriptores

224 1986 444 2033 Draegerus
472 1985 576 2023 dicit.
601 1983 628 2034 4)
656 1986 768 2032 Apud
797 1986 1045 2023 Columellam
1071 1986 1169 2022 hanc
1195 1984 1424 2022 locutionem
1451 1986 1595 2024 inveni:
1635 1986 1708 2033 III,
1742 1984 1799 2033 10,
1836 1983 1886 2023 20
1914 1985 2084 2032 quamvis

224 2053 328 2090 nullo
356 2052 431 2089 alio
460 2052 512 2089 sit
539 2052 679 2099 scripto
707 2051 897 2098 proditum
925 2050 1096 2097 exeeptis
1126 2061 1218 2096 quos
1247 2051 1447 2089 retulimus
1476 2063 1652 2089 numeros
1682 2051 1858 2099 Vergilii.

411 2117 664 2156 Attractionis
692 2117 881 2165 inversae,
898 2118 926 2164 ⁵)
952 2128 1025 2164 qua
1061 2116 1351 2165 substantivum,
1398 2118 1457 2156 cui
1498 2118 1736 2157 enuntiatum
1769 2118 1975 2156 relativum
2017 2129 2081 2155 an-

225 2197 363 2224 nexum
391 2187 462 2232 est,
490 2184 723 2231 pronominis
764 2184 918 2221 relativi
959 2194 1087 2220 casum
1128 2183 1260 2230 induit,
1303 2185 1477 2232 exempla
1517 2184 1645 2223 inveni
1686 2184 1798 2223 haec:
1841 2182 1952 2232 XIII,
1992 2183 2028 2232 4,
2058 2183 2081 2221 4

225 2251 354 2300 vitem,
383 2262 495 2299 quam
520 2250 642 2300 ponis,
671 2250 732 2289 fac
759 2252 802 2288 ut
829 2261 876 2288 ea
903 2249 1089 2288 orientem
1116 2252 1274 2297 spectet.
1308 2250 1419 2299 XIII,
1463 2250 1523 2299 26,
1553 2251 1575 2289 9
1604 2251 1812 2297 materiem,
1843 2262 1954 2296 quam
1982 2251 2081 2288 inse-

225 2319 341 2365 veris,
370 2318 404 2355 si
431 2318 603 2355 subolem
632 2339 679 2344 —
709 2316 877 2363 habebit,
908 2315 1035 2353 omnia
1061 2316 1281 2362 praeciditO.

401 2419 422 2455 1)
448 2420 508 2448 Cfr,
534 2420 585 2447 Ph.
611 2418 833 2447 Thialemann:
860 2417 902 2444 De
925 2417 1082 2444 sermonis
1104 2417 1364 2453 proprietatibus,
1386 2426 1466 2455 quae
1490 2418 1637 2455 leguntur
1658 2417 1742 2455 apud
1768 2417 1975 2446 Cornificium
2000 2418 2031 2446 et
2054 2417 2084 2445 in

225 2470 339 2507 primis
361 2469 527 2501 Ciceronis
550 2467 654 2498 libris.
701 2466 901 2504 Argentorati
926 2468 1011 2494 ⁴879.
1038 2474 1088 2502 pg.
1114 2467 1162 2494 86.

398 2518 421 2553 ²)
446 2518 552 2554 Aliqui
573 2517 703 2546 codices
724 2517 900 2545 deteriores
923 2515 1132 2543 indicativum
1155 2515 1315 2543 exhibent.

400 2566 425 2603 ⁸)
448 2567 511 2595 Cic.
537 2574 606 2594 eam
629 2565 726 2594 semel
749 2564 895 2593 exhibet:
921 2564 1002 2592 Tim.
1027 2564 1073 2590 Η.

400 2613 424 2650 ⁴)
449 2615 598 2651 Draeger.
643 2614 731 2651 Sym.
754 2622 786 2643 u.
810 2613 867 2642 Stil
890 2612 922 2641 d.
945 2611 1019 2641 Tac.
1043 2619 1094 2648 pg.
1119 2613 1168 2640 ⁶⁶.

398 2663 421 2699 ὅ)
447 2662 585 2692 Dubium
609 2670 671 2691 non
693 2665 749 2698 est,
774 2662 849 2699 quin
874 2661 951 2690 haec
972 2662 1143 2695 structura,
1182 2669 1263 2697 quae
1284 2661 1368 2698 apud
1404 2664 1515 2698 poetas
1543 2660 1705 2695 comicos,
1738 2660 1901 2689 rarissime
1937 2668 2012 2689 vero
2055 2661 2085 2688 in

225 2721 318 2751 prosa
341 2714 488 2743 oratione
511 2713 671 2742 invenitur
702 2712 860 2741 sermonis
881 2710 1036 2740 cotidiani
1058 2710 1271 2745 neglegentiae
1293 2711 1473 2739 conveniat.
1503 2709 1561 2737 cfr.
1587 2708 1719 2737 Kiihner.
1737 2709 1756 2736 1.
1779 2708 1799 2736 l.
1824 2716 1855 2745 p.
1880 2709 1946 2743 847,
1973 2711 2019 2737 40.
