2290 3102
1018 287 1249 327 -5-

208 401 248 441 in
274 401 387 449 plano
415 400 522 450 VIII,
552 398 612 449 17,
645 398 690 438 14
718 398 757 438 in
783 398 966 448 profundo
990 399 1061 448 III,
1092 397 1125 448 1,
1154 397 1189 436 8.
1218 397 1258 435 in
1284 398 1480 444 propatulo
1512 398 1557 432 12
1584 397 1705 442 praef.
1729 398 1760 432 1.
1789 397 1829 432 in
1850 396 2056 441 propinquo

209 466 278 514 IX,
308 468 343 513 8,
383 467 429 503 12
466 466 521 513 (et
549 467 727 512 saepius).
763 467 802 503 in
837 467 1005 512 proximo
1040 467 1109 512 IX,
1151 465 1207 512 12,
1244 464 1279 502 4.
1313 465 1353 501 in
1380 475 1521 501 summo
1549 464 1621 511 III,
1651 460 1711 510 13,
1741 460 1799 501 10.
1839 463 1879 502 in
1917 463 1996 501 toto
2024 461 2055 510 Ι,

209 532 244 579 7,
272 531 314 580 2;
343 533 410 580 VI,
440 531 500 579 26,
529 530 572 580 3;
607 532 698 580 XII,
731 533 761 579 1,
789 531 815 569 4
855 530 1117 579 (saepissime).
1158 530 1198 569 in
1237 528 1442 577 tranquillo
1470 529 1577 577 VIII,
1616 527 1677 576 17,
1707 526 1765 565 10.
1806 528 1845 565 in
1872 527 1996 566 vicino
2024 528 2054 573 Ι,

209 596 244 645 5,
277 598 314 646 13
342 597 433 645 XII,
462 596 523 644 44,
552 598 585 634 8.
612 608 680 645 per
707 608 889 635 summum
917 596 1072 644 (terrae)
1092 598 1164 644 III,
1186 596 1246 644 11,
1275 596 1310 633 3.
1338 607 1407 642 per
1433 596 1662 642 proscissum
1687 595 1738 642 II,
1758 594 1794 642 2,
1815 594 1875 632 25.
1903 595 2057 641 propter

209 661 358 708 insigne
386 661 592 709 (candoris)
620 664 728 710 VIII,
758 665 792 710 2,
821 662 856 700 7.
886 649 989 700 ‘vivo
1016 665 1126 699 tenus
1163 663 1231 709 IV,
1268 660 1328 709 25,
1358 660 1391 699 5.
1431 671 1549 707 usque
1590 661 1639 698 ad
1667 660 1782 698 imum
1809 660 1899 706 XII,
1928 656 1989 706 56,
2019 656 2053 695 1.

209 737 327 774 usque
355 727 404 765 ad
431 737 614 765 summum
641 727 731 776 XII,
761 726 822 776 47,
852 727 886 765 2.
913 737 1031 774 usque
1058 727 1098 764 in
1125 737 1308 764 summum
1335 726 1426 773 XII,
1455 724 1516 772 50,
1545 726 1587 771 33
1616 726 1727 772 XIII,
1756 725 1791 771 4,
1821 724 1855 761 5.

395 793 434 840 d)
461 793 705 831 Adiectiva
734 796 777 831 et
802 793 1052 840 participia
1077 793 1282 830 neutrius
1309 792 1490 839 generis
1518 790 1693 838 plurali
1720 801 1902 829 numero
1930 789 2052 828 instar

209 858 530 897 substantivorum
587 858 756 898 adhibita
804 859 903 906 apud
947 858 1192 897 Columellam
1244 869 1328 896 non
1372 857 1436 895 ita
1485 857 1623 894 multa
1668 858 1821 894 exstant
1856 858 1969 901 atque
2006 865 2051 891 ea

208 924 388 973 pleraque
414 923 738 963 nominativum
774 926 822 962 et
856 924 1188 962 accusativum
1215 924 1505 961 indicantia:
1544 923 1772 970 campestria
1804 921 1943 960 collina
1985 921 2057 968 III,

210 992 244 1036 2,
273 990 305 1026 6.
334 993 469 1027 cuncta
495 993 545 1037 II,
576 991 634 1037 12,
664 991 698 1028 3.
726 993 834 1028 modo
862 992 902 1028 in
928 991 1099 1038 elatiora,
1127 991 1236 1028 modo
1264 990 1302 1028 in
1321 990 1559 1037 depressiora
1586 989 1676 1029 clivi
1703 990 1754 1037 ΙΙ,
1783 987 1818 1037 4,
1850 986 1908 1026 10.
1956 997 2058 1024 mon-

208 1056 302 1095 tium
328 1056 405 1095 ima
431 1057 502 1105 III,
535 1055 592 1105 11,
621 1055 657 1096 8.
696 1056 743 1096 cf.
771 1057 822 1106 ΙΙ,
859 1054 919 1106 17,
953 1054 987 1096 7.
1015 1055 1117 1095 iusta
1152 1056 1313 1094 reddere
1340 1056 1370 1104 Ι,
1399 1054 1434 1104 8,
1468 1055 1524 1093 11.
1562 1056 1662 1093 iusta
1689 1054 1916 1092 cibariorum
1943 1054 1989 1099 V,
2019 1055 2054 1098 6,

209 1120 244 1159 4.
273 1122 322 1158 ad
348 1121 449 1158 iusta
474 1124 680 1169 perducere
708 1124 775 1168 VI,
804 1123 865 1168 30,
894 1123 928 1159 5.
955 1123 995 1158 in
1021 1123 1180 1159 hiberna
1207 1125 1246 1159 et
1272 1123 1420 1160 aestiva
1442 1124 1615 1169 digerere
1642 1125 1672 1169 I,
1702 1122 1737 1169 6,
1770 1123 1801 1159 1.
1831 1122 1879 1158 ad
1908 1119 2054 1158 minora

208 1189 300 1233 XII,
329 1190 389 1234 55,
420 1188 452 1225 1.
479 1189 586 1234 paria
617 1189 743 1227 facere
771 1191 801 1236 I,
839 1188 874 1237 8,
905 1187 964 1228 13.
1001 1188 1096 1227 haec
1131 1187 1203 1227 duo
1241 1185 1465 1236 principalia
1497 1187 1527 1236 I,
1556 1187 1593 1236 3,
1621 1188 1654 1226 2.
1690 1186 1837 1234 reliqua
1872 1186 1902 1233 Ι,
1931 1183 1966 1232 8,
1996 1182 2056 1219 12.

209 1250 349 1291 similia
375 1251 443 1301 VI,
473 1250 533 1302 36,
562 1251 597 1291 4.
626 1251 777 1301 singula
805 1252 824 1290 1
853 1253 971 1300 praef.
1000 1252 1034 1288 4.
1062 1253 1261 1288 sollemnia
1294 1253 1477 1288 festorum
1511 1254 1619 1299 VIII,
1647 1254 1709 1298 21,
1738 1258 1773 1289 5.
1810 1264 1878 1297 per
1914 1262 2059 1287 summa

209 1321 334 1355 terrae
361 1321 433 1366 III,
464 1319 524 1366 19,
553 1319 586 1356 1.
613 1320 654 1356 in
679 1323 901 1358 transversa
927 1342 978 1347 -
1004 1319 1044 1357 in
1063 1319 1166 1357 edita
1193 1319 1260 1367 IV,
1295 1317 1351 1367 12,
1382 1319 1417 1357 3.
1436 1319 1569 1358 vetera
1596 1319 1626 1369 I,
1647 1315 1682 1367 8,
1707 1314 1761 1356 12.
1782 1314 1909 1356 Vicina
1937 1312 2055 1354 vallis

208 1384 279 1433 IX,
303 1383 338 1433 5,
368 1386 402 1424 2.
431 1386 611 1434 congesta
637 1385 688 1434 II,
718 1383 777 1435 14,
806 1386 840 1424 6.
868 1386 1022 1423 excreta
1052 1384 1170 1422 tritici
1206 1385 1315 1432 VIII,
1352 1384 1387 1432 4,
1419 1384 1457 1433 1;
1500 1385 1604 1434 VIII,
1639 1384 1674 1431 8,
1704 1386 1737 1420 6.
1771 1386 1856 1419 sata
1882 1384 1933 1428 ΙΙ,
1962 1381 1997 1426 8,
2024 1382 2059 1431 5,

209 1450 351 1496 placita
377 1451 447 1497 IX,
476 1451 511 1497 2,
542 1451 575 1487 1.
603 1452 768 1489 virentia
798 1450 866 1499 IX,
896 1454 931 1498 5,
960 1454 996 1489 6.
1026 1453 1128 1489 culta
1154 1453 1185 1499 I,
1214 1451 1249 1499 2,
1280 1451 1314 1489 5.

395 1516 640 1557 Genetivi:
670 1517 965 1557 discordantium
991 1518 1042 1567 II,
1071 1515 1106 1567 2,
1126 1518 1160 1555 3.
1180 1515 1744 1565 praeteritorum-praesentium
1763 1517 1794 1562 Ι,
1815 1515 1850 1562 3,
1881 1516 1915 1550 7.
1931 1514 2054 1550 viren-

208 1582 300 1619 tium
328 1583 397 1619 ΙΙΙ.
431 1584 461 1629 1,
490 1584 531 1630 9,
559 1584 626 1630 IV,
666 1583 700 1631 1,
729 1584 768 1632 43
805 1585 874 1631 XI,
903 1586 939 1631 3,
976 1584 1036 1621 51.
1064 1605 1115 1609 —
1150 1584 1334 1621 Dativi:
1373 1584 1593 1621 editioribus
1630 1582 1700 1629 IX,
1734 1581 1769 1629 5,
1802 1583 1833 1620 1.
1872 1579 2057 1619 similibus

208 1648 273 1685 VI.
301 1647 362 1696 36,
391 1647 424 1686 4.
452 1648 662 1687 virentibus
689 1650 720 1697 Ι,
749 1648 785 1697 5,
813 1647 849 1697 8,
877 1650 933 1697 (et
959 1649 1109 1697 saepius
1138 1648 1183 1687 cf.
1210 1650 1262 1697 II,
1291 1648 1326 1698 2,
1355 1647 1425 1698 23,
1454 1649 1526 1697 ΙΙΙ,
1556 1650 1589 1696 8,
1623 1650 1654 1686 1.
1683 1649 1755 1695 ΙΙΙ,
1788 1649 1845 1694 15,
1887 1646 1922 1684 5.
1954 1645 1979 1696 ¹)
2008 1666 2058 1672 —

207 1713 397 1751 Ablativi:
426 1713 582 1752 modicis
610 1714 714 1752 cavis
742 1715 851 1763 VIII,
880 1714 915 1764 3,
945 1714 978 1753 9.
1006 1715 1047 1753 in
1073 1715 1227 1753 clivosis
1256 1716 1328 1763 ΙΙΙ,
1363 1717 1419 1762 19,
1457 1715 1488 1752 1.
1518 1714 1723 1752 esculentis
1751 1713 1821 1758 IX,
1850 1712 1910 1759 14,
1939 1713 1973 1750 3.
2002 1713 2049 1749 de

209 1778 358 1825 frigidis
384 1779 424 1815 in
450 1779 600 1826 frigida,
630 1781 677 1816 de
705 1780 838 1817 calidis
866 1781 906 1817 in
934 1781 1074 1818 similia
1101 1782 1173 1828 ΙΠ,
1204 1781 1238 1828 9,
1268 1783 1301 1819 8.
1330 1780 1488 1819 secretis
1518 1781 1590 1828 III,
1621 1778 1680 1827 10,
1704 1777 1763 1816 10.
1793 1779 1839 1815 de
1868 1777 2052 1815 siccaneis

208 1847 247 1881 et
272 1844 389 1892 riguis
418 1846 468 1892 ΙΙ,
499 1846 532 1893 2,
560 1845 595 1882 4.
631 1845 768 1893 tepidis
796 1846 904 1895 VIII,
936 1846 993 1894 14,
1023 1845 1061 1885 7.
1086 1846 1126 1885 in
1153 1845 1346 1886 vestiariis
1374 1847 1405 1894 Ι,
1434 1844 1469 1894 8,
1503 1845 1559 1884 17.
1581 1844 1765 1884 viridibus
1797 1843 1904 1891 VIII,
1939 1844 1995 1890 15,
2018 1843 2052 1881 4.

207 1909 247 1946 in
274 1910 391 1948 aratis
418 1910 469 1958 II,
502 1912 559 1958 17,
589 1912 622 1948 7.
651 1911 875 1949 flaventibus
904 1912 979 1949 iam
1007 1913 1133 1950 satis
1161 1913 1216 1960 II,
1248 1911 1325 1959 20,
1356 1913 1388 1949 2.
1416 1912 1456 1949 in
1482 1912 1667 1959 praebitis
1696 1912 1727 1959 Ι,
1756 1910 1791 1959 8,
1825 1912 1882 1949 17.

1087 2016 1170 2063 ξε).

394 2079 574 2117 Gradus
603 2080 945 2119 adiectivorum
978 2081 1186 2118 Columella
1205 2081 1395 2119 nonnullis
1415 2079 1655 2118 adverbiis
1676 2079 1823 2117 minus
1851 2080 2055 2118 usitatis

207 2142 378 2191 aug'ere
406 2145 514 2182 solet.

391 2208 427 2259 a)
454 2211 516 2248 Ad
543 2210 619 2249 vim
654 2211 858 2258 positivi
884 2213 1059 2260 gradus
1093 2212 1365 2250 adiectivorum
1399 2213 1609 2259 augendam
1645 2222 1829 2258 persaepe
1872 2212 2054 2250 adverbio

210 2275 371 2322 „bene“
407 2276 535 2323 utitur,
563 2276 603 2313 id
640 2278 738 2322 quod
774 2277 943 2325 vulgaris
983 2289 1068 2315 esse
1104 2278 1288 2315 sermonis
1321 2278 1421 2315 inter
1452 2288 1580 2314 omnes
1610 2280 1768 2315 constat.
1800 2279 1829 2325 2)
1871 2279 1922 2325 ΙΙ,
1964 2279 2000 2326 9,
2033 2279 2049 2315 1

205 2342 302 2380 bene
328 2342 483 2380 uberem
510 2353 689 2390 campum.
716 2342 808 2391 XII,
837 2341 872 2392 2,
903 2345 925 2381 2
952 2344 1049 2382 bene
1076 2343 1224 2381 illustre
1253 2343 1443 2381 conclave.
1472 2343 1561 2390 XII,
1591 2341 1651 2390 21,
1682 2342 1705 2380 2
1735 2344 1932 2381 semuncia
1949 2344 2046 2381 bene

205 2407 329 2454 plena.
363 2407 453 2455 XII,
483 2406 543 2455 30,
576 2409 592 2444 1
628 2409 804 2454 quamdiu
844 2410 941 2447 bene
980 2410 1157 2457 frigidum
1199 2409 1281 2447 erit.
1309 2409 1399 2456 XII,
1429 2408 1489 2456 38,
1533 2410 1555 2446 2
1583 2409 1680 2447 bene
1725 2411 1897 2448 maturae
1943 2420 2052 2449 uvae.

206 2473 297 2521 XII,
325 2472 386 2520 39,
415 2472 435 2511 1
465 2485 540 2512 uva
565 2474 662 2511 bene
691 2476 847 2513 matura.
874 2475 964 2523 XII,
995 2474 1055 2523 53,
1087 2474 1107 2513 1
1137 2486 1205 2514 vas
1233 2475 1329 2513 bene
1358 2474 1528 2512 solidum.

381 2571 401 2607 ι)
426 2573 528 2601 Dativi
549 2580 642 2601 usum
662 2580 735 2601 cum
756 2574 841 2610 apud
862 2581 972 2602 omnes
994 2575 1177 2611 scriptores,
1202 2576 1268 2602 tum
1290 2573 1374 2610 apud
1389 2574 1578 2601 Ciceronem
1593 2574 1794 2602 rarissimum
1824 2582 1893 2602 esse
1916 2575 2054 2609 Draeger

208 2620 255 2655 (Η.
279 2621 309 2648 S.
335 2622 343 2649 1
366 2628 417 2657 pg.
441 2622 488 2656 5⁴)
512 2622 619 2650 docet.

378 2669 400 2705 2)
423 2669 485 2699 Cfr.
510 2671 542 2699 E.
566 2670 740 2699 Woelfflin.
762 2671 828 2699 Lat.
852 2673 883 2699 et
904 2679 983 2699 rom.
1007 2671 1152 2708 Compar.
1177 2680 1208 2709 p.
1232 2673 1278 2700 ⁴¹0.
1295 2671 1511 2706 Tliielemann¹
1535 2671 1574 2699 de
1592 2679 1690 2704 serm.
1715 2671 1863 2702 Cornific.
1881 2672 1911 2699 in
1924 2671 2049 2701 Disser-

208 2716 263 2745 tat.
287 2716 363 2754 phil.
388 2717 587 2755 Argentorat.
611 2718 672 2747 vol.
696 2718 731 2746 11.
756 2719 841 2746 ⁴879.
863 2726 914 2755 pg.
934 2720 981 2747 73.
