2290 3102
1067 284 1286 319 ,8-

1130 390 1150 437 ἓ
1178 390 1211 428 9.

429 458 603 499 Semoni
629 458 779 507 vulgari
815 458 1047 506 assignanda
1087 459 1147 495 est
1173 458 1388 495 coniunctio
1420 469 1554 505 „suus
1583 459 1717 505 sibi“,
1746 470 1855 504 quam
1882 459 2055 508 Draeger
2072 462 2099 508 ¹)

243 528 319 565 nisi
361 528 462 574 apud
488 528 623 574 poetas
665 524 828 562 comicos
866 533 1027 571 eosque,
1065 522 1127 569 qui
1154 525 1241 571 post
1274 523 1487 573 Augustum
1505 523 1678 572 floruere,
1707 536 1781 563 non
1799 525 1962 564 inveniri
1976 527 2099 565 docet.

242 595 355 641 Apud
383 593 631 631 Columellam
658 592 763 629 hisce
792 593 920 627 exstat
945 590 1060 625 locis:
1089 590 1181 636 XII,
1210 589 1245 636 7,
1276 589 1300 626 2
1328 592 1371 626 ut
1397 600 1464 626 suo
1493 590 1566 626 sibi
1593 590 1674 627 iure
1690 590 1792 628 ablui
1819 591 1977 639 possint.
2006 592 2098 642 XII,

239 658 302 709 42,
331 658 355 697 2
383 659 424 697 in
451 669 518 698 sno
548 657 621 697 sibi
649 656 730 696 iure
758 657 1026 703 decoquuntur.
1054 649 1155 703 XII,
1174 655 1236 703 56,
1265 654 1289 693 2
1325 656 1478 704 singula
1504 668 1572 694 suo
1601 657 1673 694 sibi
1696 658 1782 704 jure
1816 659 1943 695 eluito.
1986 660 2097 706 XIII,

240 727 302 773 11,
332 728 355 762 2
383 737 478 763 uvas
507 736 574 762 suo
603 724 677 760 sibi
703 722 877 770 pampino
905 722 1036 768 tegito.

1168 805 1226 843 10.

426 875 636 921 Uterque
664 872 815 920 saepius
857 873 904 910 de
946 873 1091 910 duobus
1116 806 1331 919 §pluraliter
1371 871 1526 910 dicitur:
1569 872 1599 919 I,
1628 873 1663 919 6,
1698 872 1742 910 10
1783 886 1869 911 nam
1911 886 1957 912 ea
1997 877 2094 913 coeli

238 943 376 990 positio
403 942 567 979 maxime
593 940 734 987 frigida
755 942 794 976 et
821 939 973 975 mInime
1000 938 1154 975 humida
1181 940 1256 985 est3
1296 948 1391 984 quae
1418 940 1576 984 utraque
1624 939 1900 984 perennitatem
1929 941 2090 979 conditis

239 1007 439 1047 frumentis
468 1006 641 1045 afferunt.
670 1004 715 1043 cf.
743 1005 774 1052 I,
805 1005 839 1052 7,
868 1005 904 1042 5.

1119 1090 1139 1137 ξ
1168 1088 1229 1128 11.

423 1161 637 1198 Pronomcn
668 1157 811 1205 „ipse“
843 1159 942 1203 apud
971 1157 1189 1193 Ciceronem
1216 1156 1422 1203 rarissime,
1450 1157 1550 1203 apud
1570 1156 1772 1195 Caesarem
1804 1160 1843 1195 et
1870 1158 2092 1197 Sallustium

239 1226 389 1265 omnino
417 1237 493 1264 non
534 1224 711 1272 coniungi
748 1234 831 1261 cum
866 1222 1054 1270 particula
1101 1222 1184 1270 „et“
1227 1222 1400 1269 Draeger
1438 1223 1548 1259 testis
1590 1224 1698 1271 est;2)
1761 1224 1931 1271 saepisse
1970 1229 2097 1263 tamen

238 1295 334 1331 haec
362 1291 574 1330 coniunctio
603 1290 682 1338 („et
709 1290 832 1336 ipse“)
875 1290 975 1336 apud
1004 1288 1251 1325 Columellam
1295 1287 1501 1326 invenitur.
1545 1287 1564 1325 1
1596 1288 1713 1335 praef.
1755 1288 1802 1327 12
1830 1301 1928 1328 nunc
1956 1294 1994 1329 et
2022 1291 2094 1339 ipsi

238 1358 397 1408 praedia
422 1359 555 1396 nostra
582 1357 707 1394 colere
735 1356 993 1403 dedignamur.
1022 1354 1071 1391 10
1098 1354 1215 1401 praef.
1245 1354 1267 1391 3
1296 1357 1436 1400 partes,
1466 1365 1558 1400 quas
1574 1356 1701 1391 tamen
1729 1357 1768 1392 et
1794 1355 1875 1402 ipse
1892 1357 2085 1404 Vergilius

238 1425 531 1473 significaverat
547 1423 576 1470 ⁸)

1119 1505 1139 1551 ἓ
1168 1503 1227 1542 12.

422 1573 652 1612 Pronomina
678 1572 854 1620 relativa,
884 1582 979 1619 quae
1008 1573 1095 1608 sunt
1125 1571 1521 1619 „qualiscunque“
1560 1574 1599 1610 et
1629 1576 2091 1624 „quantuscunque,“

236 1642 429 1681 nonnullis
456 1641 551 1679 locis
578 1639 840 1688 pronominum
867 1638 1145 1676 indefinitorum
1182 1638 1265 1674 loco
1304 1641 1460 1684 usurpat
1499 1639 1718 1687 Columella,
1754 1651 1862 1685 quem
1901 1652 2008 1679 usum
2047 1653 2094 1679 ne

237 1709 368 1747 Cicero
397 1707 547 1755 quidem
574 1706 687 1754 plane
715 1707 939 1753 aspernatus
968 1704 1068 1753 est.⁴)
1097 1704 1166 1753 XI,
1189 1703 1223 1752 3,
1251 1703 1298 1742 36
1328 1704 1467 1752 (atrum
1494 1705 1591 1752 olus)
1620 1706 1868 1753 qualicunque
1897 1709 2092 1746 convales-

237 1776 290 1814 cit
315 1776 410 1813 loco.
439 1774 484 1811 cf.
512 1775 543 1820 I,
572 1772 607 1820 9,
637 1773 677 1819 33
704 1772 796 1819 XII,
823 1771 886 1818 49,
915 1770 955 1821 83
984 1771 1096 1816 XIII,
1125 1769 1160 1816 2,
1189 1769 1233 1816 23
1262 1771 1368 1817 XIIl,
1400 1773 1433 1816 7,
1465 1770 1500 1807 6.
1531 1792 1576 1795 —
1605 1772 1671 1818 VI,
1702 1771 1758 1819 17,
1789 1771 1812 1808 8
1840 1772 1949 1810 huius
1979 1785 2093 1819 quan-

235 1844 423 1886 tocunque
450 1837 610 1886 ponderi
638 1836 785 1874 decima
811 1846 899 1883 pars
928 1835 1020 1873 salis
1049 1835 1275 1873 ammoniaci
1302 1836 1473 1874 adicitur.

1061 1951 1186 2003 caput
1211 1951 1271 1994 lV.

805 2037 888 2101 De
924 2038 1350 2121 particularum
1391 2058 1512 2102 usu.

933 2177 964 2218 1.
990 2177 1068 2217 De
1093 2177 1398 2218 adverbiis.

1111 2260 1131 2306 ξ
1164 2262 1220 2298 13.

423 2337 474 2375 Jn
504 2336 730 2374 adhibendis
758 2337 950 2374 nonnullis
978 2337 1170 2374 adverbiis
1192 2338 1401 2374 Columella
1428 2337 1618 2383 discrepat
1645 2338 1692 2375 ab
1732 2338 1967 2384 antiquorum
2003 2338 2093 2375 scri-

241 2405 389 2450 ptorum
417 2414 498 2440 usu.
531 2402 787 2450 „Abunde“
819 2414 842 2439 a
871 2403 1081 2440 Columella
1115 2413 1228 2449 saepe
1263 2414 1344 2439 cum
1378 2404 1495 2440 verbo
1527 2403 1658 2449 „csse“
1689 2403 1927 2450 coniungitur
1961 2404 2024 2450 ita,
2053 2407 2094 2440 ut

412 2525 432 2562 ¹)
456 2526 518 2555 Cfr.
544 2526 680 2563 Drueger
702 2526 738 2556 H.
763 2527 793 2555 S.
818 2527 827 2555 l
852 2534 901 2564 pg.
924 2528 959 2555 76
984 2526 1003 2555 f.

411 2575 434 2610 2)
459 2576 597 2612 Draeger
621 2576 656 2604 H.
680 2576 711 2604 S.
735 2576 746 2603 1
768 2584 817 2612 pg.
839 2578 886 2603 81.

409 2623 432 2660 ⁸)
456 2624 501 2652 Ex
523 2624 628 2652 mulus
650 2624 727 2652 locis
748 2624 806 2652 hos
827 2623 934 2652 affero:
958 2625 978 2658 Ι,
1007 2626 1032 2658 l,
1057 2626 1091 2659 8;
1117 2624 1138 2657 Ι,
1164 2626 1190 2658 7,
1216 2625 1246 2657 33
1285 2623 1306 2657 l,
1333 2626 1359 2657 7,
1386 2625 1419 2656 72
1459 2622 1520 2657 Vll,
1545 2624 1571 2656 6,
1598 2625 1630 2657 3,
1671 2623 1743 2656 Vlll,
1769 2626 1795 2657 3,
1825 2626 1860 2659 3;
1900 2624 1974 2658 vm,
2002 2628 2028 2659 5,
2055 2628 2088 2659 93

235 2676 251 2702 9
273 2673 373 2712 praes.
399 2675 426 2702 ⁴.
457 2672 509 2708 lx,
535 2675 580 2708 ιο,
606 2676 639 2709 ις
664 2673 741 2707 vm,
765 2675 792 2707 9,
818 2675 854 2708 ι,
878 2673 943 2708 ΧΗ,
969 2675 1015 2707 ³3,
1043 2676 1075 2707 4;
1108 2673 1174 2706 xn,
1199 2675 1247 2706 39,
1273 2675 1304 2706 ⁴3
1331 2673 1407 2706 xm,
1432 2674 1479 2704 as,
1506 2674 1534 2699 2.

408 2722 431 2758 ⁴)
458 2721 523 2750 Csr.
548 2721 811 2750 Krebs-Schmulz
835 2721 1065 2749 Antibarbm-us
1089 2722 1112 2749 ll
1136 2729 1167 2758 p.
1194 2723 1248 2749 397
1272 2729 1287 2749 s
1310 2729 1339 2749 v.
1363 2721 1605 2757 qualiscunque.
