2290 3102
1010 286 1054 291 --
1110 262 1260 301 39-

209 374 337 411 ulcera
362 374 485 411 linire.
513 374 580 421 VI,
608 373 643 420 3,
672 373 695 410 6
723 376 883 420 potest
910 373 1024 411 etiam
1051 373 1151 411 idem
1179 373 1363 420 praeberi.
1399 374 1468 421 XI,
1499 375 1521 411 2
1549 373 1572 412 3
1601 373 1723 421 possit
1749 373 1865 421 igitur
1893 396 1939 400 —
1969 385 2052 411 aus-

210 439 328 486 picari
356 440 490 477 officia.
531 440 601 487 XI,
630 441 665 487 3,
695 438 743 477 52
771 442 962 487 possunt
989 440 1102 477 etiam
1133 460 1174 464 -
1207 440 1353 477 rotulae
1382 440 1511 477 subici.
1553 440 1624 488 IX,
1654 439 1688 487 9,
1716 440 1741 476 4
1778 439 1963 486 poterit
1997 450 2059 477 ex-

210 506 399 550 ploratam
426 507 552 552 fugam
580 507 847 551 praesciscere.
888 507 979 553 XII,
1008 505 1068 552 52,
1097 506 1120 542 4
1148 517 1234 542 nam
1268 508 1344 542 est
1379 506 1640 542 inimicissima
1668 506 1751 541 oleo
1790 517 1952 542 amurca.
1991 506 2057 551 VI,

212 569 271 619 19,
302 570 321 609 1
352 574 428 609 est
453 573 580 609 autem
598 570 687 608 talis
707 570 900 609 machinae
919 571 1048 609 forma.
1064 570 1354 608 —Constanter
1372 569 1451 608 fere
1479 571 1636 609 verbum
1668 570 1826 617 „esse“
1857 569 2060 617 primum

211 637 492 674 sententiae
528 637 678 673 locum
711 640 885 685 occupat,
926 638 989 674 ubi
1017 637 1111 673 illud
1139 637 1238 673 idem
1272 637 1377 673 valet
1404 639 1501 682 quod
1532 636 1805 683 „exstare“:
1851 637 1918 683 VI,
1946 635 1982 682 2,
2012 635 2057 672 11

210 705 269 738 est
297 702 411 738 etiam
439 702 620 738 mollioris
648 703 798 748 generis
826 704 904 739 bos.
945 703 1011 748 VI,
1053 701 1114 749 37,
1155 701 1174 737 1
1203 704 1264 738 est
1291 704 1330 738 et
1357 703 1519 739 alterum
1547 712 1668 749 genus
1697 702 1924 739 admissarii.
1964 701 2055 748 XII,

210 767 271 814 52,
304 769 346 803 11
378 767 455 804 sint
482 770 607 804 autem
636 767 675 804 in
703 768 801 804 cella
830 768 972 804 olearia
1012 771 1089 804 tres
1117 768 1307 804 labrorum
1349 767 1511 804 ordines.
1552 768 1664 814 XIII,
1712 766 1772 814 17,
1821 769 1844 804 3
1890 770 1978 804 sunt
2021 769 2060 802 et

210 833 338 881 regiae
366 835 406 871 et
432 834 537 871 radii.
566 855 612 860 —-
642 834 809 871 Rarius
843 836 968 871 autem
1001 833 1101 870 alia
1134 833 1276 870 verba
1312 833 1460 879 primo
1497 833 1746 871 enuntiati
1782 834 1882 870 loco
1915 832 2060 871 inveni-

209 902 331 947 untur,
349 910 380 937 e.
398 911 441 946 g:
462 900 492 947 I,
514 899 548 947 1,
572 898 616 936 16
637 900 875 937 illuminat
894 902 1037 937 rectam
1055 899 1156 936 viam
1175 899 1343 936 docentis
1364 899 1631 945 magisterium.
1658 900 1725 946 VI,
1748 898 1781 946 1,
1802 898 1825 936 3
1850 899 2060 946 parandi

209 967 297 1002 sunt
322 965 439 1003 boves
467 965 618 1003 novelli.
659 965 725 1013 VI,
766 965 801 1013 5,
845 963 868 1002 2
897 963 1145 1003 evincendi
1181 966 1268 1001 sunt
1295 985 1343 990 -—
1371 965 1499 1002 morbi.
1527 986 1576 991 —
1603 965 1669 1013 VI,
1701 963 1760 1013 10,
1789 964 1812 1002 2
1840 965 1932 1002 facit
1958 965 2058 1003 idem

209 1042 350 1069 ervum.
398 1032 485 1078 VII,
518 1032 574 1078 12,
604 1030 626 1068 4
662 1032 892 1078 probatur
932 1032 1135 1077 quadratus
1176 1031 1299 1077 potius
1340 1042 1449 1077 quam
1476 1032 1620 1078 longus.
1668 1032 1739 1078 XI,
1768 1030 1803 1079 3,
1834 1030 1882 1069 20
1909 1032 2060 1068 habet

207 1097 306 1133 enim
335 1118 385 1122 —
413 1098 547 1143 spicas.
587 1098 676 1143 XII,
720 1097 779 1143 25,
808 1099 831 1134 3
873 1097 1162 1133 adiciuntur
1202 1099 1327 1133 autem
1357 1118 1402 1123 —
1432 1098 1523 1133 salis
1552 1097 1740 1134 sextarius
1782 1100 1821 1134 et
1853 1097 1977 1134 mellis
2007 1119 2053 1123 —

212 1162 409 1199 sextarius.
437 1162 527 1209 XII,
557 1161 616 1210 52,
647 1161 693 1199 17
722 1162 913 1209 respuit
941 1161 1040 1199 enim
1067 1162 1142 1199 olei
1167 1161 1387 1209 pinguitudo
1414 1163 1530 1199 talem
1558 1162 1765 1200 materiam.

391 1227 559 1264 Mirabili
587 1229 745 1273 quadam
776 1227 989 1264 constantia
1022 1227 1182 1273 scriptor
1209 1231 1338 1265 noster
1366 1239 1448 1265 eam
1475 1229 1741 1265 vocabulorum
1769 1229 2056 1265 collocationem

206 1293 427 1341 adhibet,ut
445 1293 813 1341 substantivum,
845 1293 914 1331 cui
942 1293 1224 1331 attributum
1251 1293 1463 1331 additum
1491 1296 1573 1342 est,
1594 1293 1884 1332 sententiam
1902 1293 2060 1332 finiat

207 1362 246 1396 et
284 1360 478 1396 verbnm
513 1359 715 1405 positum
757 1359 825 1395 sit
864 1359 991 1395 inter
1031 1360 1382 1396 substantivum
1415 1360 1609 1405 eiusque
1646 1360 1944 1396 attributum.
1998 1360 2057 1396 Ex

139 1452 146 1462 .
205 1427 303 1464 nube
340 1426 594 1473 exemplorum
620 1437 740 1473 pauca
765 1437 914 1473 promo:
955 1426 1006 1473 ΙΙ,
1041 1424 1100 1473 16,
1142 1425 1166 1462 4
1205 1437 1253 1464 ne
1280 1426 1478 1464 collectam
1514 1425 1653 1464 diutius
1689 1425 1882 1464 contineat
1914 1436 2057 1472 aquam.

204 1492 273 1539 IV,
304 1491 337 1539 1,
366 1490 388 1528 7
417 1491 676 1539 longissimam
704 1491 805 1538 cepit
832 1492 1080 1528 altitudinem.
1123 1492 1190 1538 IV,
1220 1493 1254 1539 2,
1288 1494 1304 1528 1
1335 1493 1407 1528 (1110
1435 1492 1640 1529 viduantur
1667 1492 1882 1528 statumina.
1924 1491 1991 1538 IV,
2021 1491 2056 1538 4,

210 1559 225 1593 1
256 1557 365 1604 ratic,
394 1568 503 1603 quam
530 1557 654 1603 priore
682 1558 905 1594 tradidimus
934 1558 1099 1594 exordio.
1128 1558 1197 1604 IV,
1226 1557 1285 1604 15,
1310 1559 1325 1593 1
1357 1557 1458 1594 aeris
1483 1560 1669 1604 repugnat
1695 1557 1867 1595 iniuriae.
1895 1557 1962 1604 IV,
1996 1559 2053 1604 16,

205 1622 229 1660 2
256 1627 297 1661 ut
324 1624 537 1670 aquilonum
566 1623 730 1670 excipiat
758 1624 987 1662 violentiam.
1016 1624 1083 1672 IV,
1099 1622 1159 1671 22,
1182 1622 1200 1660 1
1223 1623 1384 1661 sialiter
1411 1623 1591 1661 formatas
1621 1623 1876 1670 acceperimus
1905 1623 2050 1661 vineas.

205 1689 271 1736 VI,
300 1689 361 1735 30,
394 1688 440 1725 10
468 1689 663 1736 praedicta
690 1688 880 1725 intereunt
910 1689 1100 1726 animalia.
1120 1689 1145 1736 ¹)

1073 1761 1093 1806 ξ
1120 1762 1179 1797 57.

389 1838 450 1873 De
479 1836 797 1873 collocatione
825 1835 1169 1873 adiectivorum
1211 1846 1285 1872 non
1324 1835 1436 1872 facile
1473 1838 1533 1872 est
1566 1835 1660 1873 certi
1692 1835 1834 1881 aliquid
1863 1837 2049 1873 statuere:

204 1903 331 1940 multis
346 1903 440 1940 locis
462 1905 566 1939 ante
588 1902 941 1939 substantivum
962 1904 1158 1948 ponuntur,
1174 1901 1236 1938 ubi
1253 1903 1357 1938 certa
1370 1901 1478 1937 huius
1498 1901 1695 1947 positionis
1716 1912 1830 1938 causa
1848 1913 1923 1938 non
1941 1901 2051 1938 intel-

205 1969 355 2016 legitur,
380 1971 419 2005 ct
437 1968 626 2005 nonnullis
648 1968 741 2004 locis
762 1968 967 2004 Columella
987 1968 1031 2004 in
1053 1968 1210 2004 eadem
1239 1967 1483 2004 sententia
1510 1967 1866 2004 collocationem
1893 1967 2056 2004 variat

204 2035 337 2072 veluti:
378 2034 448 2080 XI,
477 2032 512 2081 2,
544 2032 612 2070 101
648 2033 809 2070 ficulnea
835 2033 927 2070 folia
954 2056 999 2059 —
1029 2033 1120 2070 folia
1147 2033 1315 2070 ficulnea.
1356 2033 1445 2080 XII,
1475 2031 1509 2079 8,
1540 2033 1561 2068 2
1591 2032 1766 2080 exiguum
1802 2032 1900 2070 aridi
1928 2032 2049 2080 thymi

204 2103 242 2137 ct
269 2099 416 2137 cunilae
444 2099 584 2136 aridae.
621 2099 729 2147 VIII,
758 2098 792 2147 3,
820 2099 843 2137 4
871 2099 931 2137 fin.
960 2099 1144 2137 vimineos
1173 2099 1320 2147 qualos3
1349 2098 1456 2145 VIII,
1487 2097 1521 2145 3,
1551 2099 1574 2134 5
1601 2097 1683 2135 init.
1711 2099 1834 2145 qualis
1862 2098 2056 2149 vimineis,

202 2167 292 2213 XII,
324 2165 381 2213 18,
410 2167 433 2202 3
462 2166 560 2202 cella
586 2166 742 2203 vinaria.
783 2166 874 2213 XII,
913 2165 971 2213 18,
1013 2165 1036 2202 4
1063 2166 1211 2203 vinaria
1247 2166 1355 2202 cella.

389 2231 575 2268 Insolenti
602 2232 710 2267 modo
739 2231 977 2268 adiectiva
1003 2231 1183 2267 nonnulla
1209 2232 1572 2277 postponuntur:
1614 2230 1703 2277 VII,
1732 2232 1767 2278 5,
1803 2229 1845 2267 19
1874 2230 1914 2267 in
1941 2231 2048 2267 labro

203 2298 467 2344 superiore.
521 2297 607 2344 VII,
639 2296 697 2344 12,
731 2299 746 2333 1
783 2297 937 2334 exordio
965 2297 1134 2343 priore.
1163 2297 1249 2344 VII,
1279 2296 1313 2344 9,
1343 2295 1390 2333 13
1418 2296 1556 2332 macies
1586 2308 1772 2334 summa.
1816 2296 1925 2344 VIII,
1947 2296 2006 2345 11,
2028 2296 2050 2334 4

202 2365 329 2411 partes
358 2373 564 2401 summac.
618 2362 668 2411 II,
695 2361 754 2411 20,
784 2364 807 2400 3
834 2373 977 2411 genera
1004 2363 1254 2410 complura.
1307 2362 1397 2410 XII,
1425 2362 1486 2409 47,
1515 2360 1537 2398 4
1565 2373 1633 2408 per
1660 2372 1779 2400 annos
1807 2363 2056 2410 plurimos.

202 2430 292 2476 XII,
321 2430 381 2476 57,
415 2429 437 2465 2
471 2430 644 2465 candoris
681 2430 858 2466 eximii.
914 2430 980 2475 VI,
1012 2429 1071 2475 10,
1104 2431 1119 2464 1
1160 2430 1316 2465 sextarii
1353 2431 1449 2465 duo.
1505 2428 1613 2475 VIII,
1642 2429 1677 2476 5,
1708 2429 1731 2465 4
1765 2441 1856 2466 cura
1895 2430 2054 2466 maior.

202 2494 288 2543 VII,
318 2493 352 2543 6,
382 2494 405 2532 5
441 2494 634 2543 lanigerae
662 2494 803 2533 mille.
856 2494 942 2542 VII,
972 2492 1006 2542 6,
1035 2495 1059 2532 3
1100 2493 1281 2532 mensium
1324 2496 1523 2541 septem.
1577 2493 1647 2543 IX,
1681 2495 1738 2543 11,
1767 2493 1790 2533 3
1827 2496 1903 2533 dux
1929 2505 2054 2532 unus.

202 2561 309 2609 VIII,
338 2559 373 2609 2,
402 2560 424 2598 7
452 2560 617 2607 pastoris
645 2561 777 2598 unius
806 2571 943 2598 curam.

377 2650 402 2687 ¹)
424 2652 564 2678 Similem
600 2651 837 2679 collocationem
872 2650 956 2686 apud
992 2650 1155 2686 Apulejum
1193 2650 1325 2677 inveniri
1363 2650 1399 2677 Η.
1438 2649 1543 2677 Koziol
1580 2649 1678 2685 („Der
1700 2651 1755 2678 Stil
1778 2650 1834 2678 des
1862 2650 2051 2686 ApuleJus‘¹,

203 2698 290 2727 Wien
315 2700 400 2735 ⁴87⁴)
425 2699 630 2729 demonstrat.
