2290 3102
819 799 927 886 De
985 800 1437 887 elocutione

479 1003 551 1105 Ι..
628 1003 805 1105 lunii
885 1005 1240 1107 Moderati
1320 1001 1768 1108 Columellae

1051 1201 1203 1248 scripsit

858 1327 1063 1368 Professor
1090 1328 1149 1367 Dr.
1178 1328 1400 1368 Kottmann.

933 1647 1326 1722 Praefatio,

387 1883 426 1918 Si
455 1893 550 1927 quae
579 1883 704 1918 studia
732 1883 915 1928 philologi
943 1885 989 1918 ad
1011 1885 1319 1928 perscrutandam
1348 1883 1580 1928 singulorum
1610 1883 1834 1928 scriptorum
1862 1883 2047 1918 Romano-

200 1958 280 1985 rum
309 1947 559 1984 elocutionem
587 1947 816 1984 contulerint
851 1947 1204 1994 circumspiciemus‚
1247 1946 1446 1983 manifesto
1488 1948 1814 1993 deprehendemus
1843 1947 1908 1984 vix
1936 1946 2051 1983 ullius

200 2014 393 2060 scriptoris
435 2018 675 2050 monumenta
715 2014 836 2050 minus
879 2025 964 2050 esse
1007 2017 1170 2050 tractata
1212 2024 1320 2058 quam
1363 2013 1617 2059 columellae,
1661 2016 1759 2059 quod
1802 2024 1892 2050 sane
1935 2014 2048 2049 valde

199 2079 409 2116 mirandum
438 2082 507 2126 est,
537 2078 672 2125 quippe
702 2090 784 2116 cuni
814 2084 851 2116 et
870 2090 990 2126 genus
1018 2079 1167 2116 dicendi
1196 2079 1372 2115 exhibeat
1399 2079 1498 2115 haud
1528 2078 1768 2116 iniucundum
1800 2084 1839 2116 et
1867 2079 1925 2125 iis,
1955 2088 2050 2124 quae

199 2147 245 2181 de
290 2156 331 2181 re
376 2145 519 2181 rustica
564 2144 759 2190 disseruit,
808 2146 889 2181 sine
931 2145 1044 2181 dubio
1086 2145 1257 2190 princeps
1300 2144 1524 2190 scriptorum
1567 2145 1622 2181 rei
1664 2145 1830 2182 rusticae
1872 2145 2055 2181 evaserit.

199 2210 422 2256 Nuperrime
451 2210 601 2255 quidem
628 2211 800 2247 nonnulli
827 2211 900 2247 viri
929 2212 1029 2248 docti
1057 2222 1131 2247 non
1159 2211 1331 2257 exiguam
1359 2221 1485 2247 curam
1515 2215 1722 2257 posuerunt
1749 2212 1788 2248 in
1817 2211 2049 2248 Columellae

197 2276 325 2323 libris;
367 2276 436 2312 sed
463 2275 508 2311 V.
538 2275 714 2322 Tinajero
731 2276 769 2322 ¹),
799 2276 862 2321 qui
891 2276 1121 2313 Columellae
1149 2276 1264 2312 libros
1294 2275 1332 2311 in
1359 2275 1529 2321 linguam
1560 2276 1806 2322 Hispanicam
1834 2276 2046 2323 transtulit,

197 2341 235 2378 in
262 2341 498 2387 praefatione
540 2342 587 2377 de
614 2341 695 2378 vita
723 2341 930 2388 scriptoris,
961 2342 1005 2378 V.
1043 2342 1228 2378 Barberet
1244 2340 1271 2386 ²)
1313 2344 1351 2377 et
1393 2341 1437 2378 G.
1469 2342 1618 2379 Becher
1634 2341 1662 2388 ³)
1709 2344 1779 2389 „de
1816 2343 2048 2381 Columellae

196 2406 277 2443 vita
295 2408 333 2443 et
352 2405 526 2452 scriptis“
548 2409 665 2452 agunt
680 2409 791 2451 atque
807 2406 887 2443 eius
905 2406 1153 2442 elocutionem
1169 2406 1306 2442 leviter
1324 2408 1470 2442 tantum
1486 2407 1706 2454 attigerunt,
1724 2408 1769 2445 G.
1787 2408 1990 2445 Schroeter
2003 2409 2046 2455 ⁴),

371 2588 390 2622 1)
416 2589 474 2617 Los
496 2590 574 2617 doce
596 2589 695 2617 libros
716 2590 756 2617 de
777 2590 965 2624 agricultura
988 2589 1026 2616 de
1044 2589 1137 2615 Lucio
1159 2588 1250 2615 Junio
1266 2588 1424 2615 Moderato
1441 2588 1599 2617 Columela
1624 2595 1832 2618 nuevamente
1857 2592 2046 2625 reimpresos

195 2644 254 2666 con
278 2637 304 2665 la
327 2636 477 2673 biografia
499 2638 548 2667 del
569 2640 660 2674 autor
684 2646 741 2676 por
764 2638 830 2667 Don
854 2637 982 2666 Vicente
1004 2636 1157 2673 Tinajero.
1204 2636 1323 2665 Madrid
1349 2638 1431 2665 1879.

367 2687 390 2719 ²)
415 2689 450 2715 V.
476 2688 646 2718 Barberet:
669 2689 711 2715 De
734 2689 922 2715 Columellae
944 2689 1004 2715 viia
1026 2691 1056 2715 et
1077 2688 1214 2721 scriptis.
1259 2686 1400 2714 Nantiaci
1426 2690 1510 2714 ⁴887.

367 2732 389 2770 ³}
414 2735 450 2764 G.
475 2735 609 2765 Becher:
636 2736 677 2764 De
700 2735 730 2765 L.
754 2735 838 2764 Junii
862 2734 1014 2763 Moderati
1037 2734 1225 2763 Columellae
1248 2734 1309 2762 vita
1332 2736 1363 2762 et
1384 2735 1524 2772 scriptis.
1569 2735 1690 2773 Lipsiae
1716 2737 1800 2764 4897.

367 2785 389 2818 4)
414 2787 450 2813 G.
475 2788 658 2817 Schroeter:
683 2787 725 2814 De
748 2786 917 2814 Columella
940 2786 1070 2820 Vergilii
1095 2786 1259 2815 imitatore.
1304 2785 1399 2813 lenae
1424 2788 1509 2813 ⁴882.
