2290 3102
1092 302 1320 341 -4-

274 413 310 461 8,
343 410 398 451 10.
426 410 482 462 (a)
510 411 756 461 participibus
786 410 1008 460 (agrestium
1036 412 1205 460 operum)
1235 410 1254 450 1
1284 413 1401 460 praef.
1430 411 1488 451 28.
1527 411 1577 461 (a)
1607 411 1709 450 sanis
1738 411 1804 458 VI,
1834 410 1869 458 5,
1902 411 1935 449 1.
1964 425 2029 459 pro
2060 426 2125 451 no-

275 478 447 514 centibus
479 479 494 514 l
527 477 644 523 praef.
672 476 705 513 9.
734 477 889 513 summis
918 479 1031 523 atque
1058 477 1278 514 humillimis
1309 478 1357 515 10
1384 477 1501 524 praef.
1536 478 1566 513 1.

463 544 498 589 c)
526 544 700 581 Neutra
728 543 1004 590 singularis
1032 544 1214 581 numeri
1241 544 1489 580 adiectiva
1517 546 1564 580 et
1598 543 1871 597 participia·
1897 553 1972 578 non
2009 543 2131 580 minus

275 619 390 655 saepe
418 608 742 646 substantivorum
768 608 851 645 loeo
880 609 1005 655 posita
1023 608 1271 655 reperiuntur.
1325 607 1628 645 Nominativi
1656 609 1701 645 ct
1727 606 2027 645 Accusativi:
2058 607 2135 644 exi-

274 685 388 720 guum
429 674 517 720 VII,
560 674 595 720 3,
642 672 685 709 17
723 672 989 720 (saepissime).
1037 673 1229 709 minimum
1260 692 1306 697 —
1334 672 1534 718 plurimum
1575 671 1699 718 (solis)
1727 672 1758 718 Ι,
1788 671 1823 719 6,
1852 670 1886 708 2.
1933 670 2132 717 (saepius).

275 738 444 777 nubilum
472 738 564 787 XII,
601 737 662 786 55,
691 736 724 776 3.
760 736 933 775 restibile
960 737 1011 785 ΙΙ,
1045 736 1102 785 10,
1131 736 1165 775 6.
1192 748 1367 775 serenum
1394 736 1483 785 XII,
1513 735 1574 784 38,
1592 734 1625 774 6.
1653 738 1846 775 terrenum
1873 737 1981 784 VIII,
2012 735 2070 784 16,
2101 736 2135 774 1.

275 806 421 840 tantum
450 804 647 851 (humoris)
676 803 766 849 XII,
798 801 856 849 10,
887 802 920 839 3.
949 805 1069 839 totum
1097 803 1127 849 Ι,
1157 802 1192 850 6,
1224 803 1281 840 17.
1310 803 1432 840 viride
1461 805 1501 840 et
1527 805 1699 840 tenerum
1727 803 1794 850 IV,
1824 802 1886 850 37,
1918 802 1952 840 3.
1979 802 2128 850 insigne

275 870 384 918 VIII,
414 872 448 918 2,
477 869 513 908 8.
543 870 734 908 conditum
761 869 792 916 Ι,
823 870 856 916 7,
887 871 921 907 7.
951 869 1120 907 debitum
1152 871 1198 906 10
1224 869 1341 916 praef.
1375 871 1405 906 1.
1442 869 1685 906 malefactum
1714 869 1745 915 I,
1775 868 1809 915 9,
1839 868 1872 906 6.
1900 869 2135 915 pastinatum

274 936 347 984 III,
377 935 437 985 13,
468 938 500 975 7.
530 959 578 963 —-
608 935 854 975 Genetivi:
885 946 968 974 cum
996 935 1155 974 alicuius
1184 936 1357 984 indigeas
1386 936 1477 984 XII,
1506 935 1542 985 2,
1572 935 1606 974 3.
1635 935 1725 974 boni
1754 935 1917 983 malique
1945 935 2017 984 III,
2038 936 2073 984 5,
2098 936 2132 973 2.

276 1004 390 1039 calidi
418 1006 458 1039 et
483 1004 624 1050 frigidi,
654 1004 797 1039 humidi
825 1006 864 1039 et
891 1003 1000 1049 aridi,
1031 1004 1139 1038 densi
1168 1006 1207 1039 et
1233 1002 1310 1038 rari
1337 1002 1408 1048 ΙΙΙ,
1441 1002 1500 1046 12,
1529 1001 1563 1038 3.
1605 1002 1699 1037 recti
1740 1001 1842 1038 viam
1883 1002 2019 1038 docere
2065 1001 2135 1047 XI,

278 1066 312 1116 1,
341 1067 376 1107 9.
405 1069 566 1108 virentis
594 1069 666 1116 ΙΙΙ,
697 1067 756 1116 10,
786 1067 821 1106 2.
852 1068 1029 1114 quicquid
1056 1069 1237 1106 immundi
1263 1069 1334 1115 IX,
1367 1068 1425 1115 14,
1458 1068 1514 1106 13.
1544 1069 1719 1115 quicquid
1747 1069 1890 1106 residui
1915 1069 1987 1115 III,
2022 1068 2077 1104 17.
2101 1067 2135 1103 4.

277 1135 453 1179 quicquid
480 1134 611 1170 vitiosi
638 1134 705 1181 VI,
739 1135 796 1180 17,
825 1132 868 1182 6,
898 1134 954 1180 (at
981 1133 1050 1181 IX,
1083 1132 1140 1182 15,
1170 1134 1193 1170 5
1221 1132 1361 1182 legitur
1389 1132 1564 1180 quicquid
1592 1132 1811 1181 sordidum).
1855 1153 1904 1158 —
1944 1127 2135 1171 Dativi³

276 1201 389 1238 fluido
417 1202 526 1247 VIII,
558 1201 615 1247 16,
647 1201 678 1237 1.
707 1201 815 1246 nigro
843 1202 894 1245 II,
925 1200 984 1245 10,
1014 1202 1073 1236 35.
1111 1202 1314 1244 consaepto
1342 1200 1372 1243 Ι,
1409 1202 1444 1244 6,
1483 1200 1515 1234 1.
1566 1221 1609 1223 -
1647 1200 1886 1235 Ablativi:
1916 1199 1991 1233 alio
2019 1198 2138 1233 distat

276 1266 407 1302 taurus
435 1264 501 1310 VI,
531 1264 592 1303 20.
639 1264 767 1303 clauso
805 1263 995 1303 custodire
1034 1262 1081 1302 12
1117 1263 1233 1313 praef.
1262 1262 1295 1302 3.
1342 1262 1521 1303 inferiore
1550 1263 1579 1313 I,
1608 1264 1643 1312 6,
1678 1264 1733 1302 17.
1778 1262 1884 1312 riguo
1913 1262 1979 1312 IV,
2009 1261 2069 1311 31,
2099 1261 2135 1301 2.

277 1343 350 1368 uno
379 1332 515 1378 differt,
545 1334 590 1378 V,
620 1332 655 1378 5,
690 1334 746 1368 11.

462 1407 696 1446 Praesertim
736 1419 827 1446 vero
869 1407 1078 1446 Columella
1119 1407 1213 1445 talia
1253 1406 1490 1444 adiectiva
1523 1407 1781 1454 coniungit
1816 1418 1912 1444 cum
1939 1418 2137 1452 praepo-

277 1473 551 1519 sitionibus,
581 1484 654 1509 non
683 1483 769 1509 raro
797 1472 862 1519 ita,
892 1475 933 1509 ut
952 1472 1212 1510 adverbialem
1231 1473 1418 1518 quandam
1439 1471 1516 1509 vim
1531 1472 1696 1509 habeant
1711 1471 1896 1509 eiusmodi
1910 1470 2133 1508 locutiones.

278 1538 352 1586 Qui
367 1550 469 1586 usus,
500 1550 724 1585 quamquam
744 1550 791 1576 ne
820 1540 918 1585 apud
948 1539 1108 1585 optimos
1138 1539 1288 1585 quidem
1316 1539 1521 1585 scriptores
1552 1541 1672 1585 deest,
1701 1542 1828 1576 tamen
1848 1539 1942 1576 satis
1962 1539 2133 1585 angustis

278 1604 415 1641 finibus
444 1605 542 1651 apud
566 1615 631 1641 eos
661 1604 966 1651 circumscriptus
996 1604 1098 1652 est.¹)
1154 1603 1343 1651 Exempla
1369 1603 1488 1641 habes
1516 1604 1615 1650 apud
1649 1603 1896 1642 Columellam
1932 1604 2046 1642 haec:
2089 1603 2135 1641 ab

279 1669 354 1706 imo
382 1670 412 1716 I,
451 1672 486 1716 5,
525 1671 549 1706 9
589 1670 783 1717 (saepius).
825 1671 871 1706 ab
901 1670 1076 1706 inchoato
1104 1671 1171 1716 IV,
1201 1670 1236 1707 3.
1267 1670 1300 1707 1.
1348 1672 1397 1707 ad
1424 1670 1588 1706 medium
1616 1670 1726 1716 XIII,
1756 1669 1791 1717 4,
1821 1669 1856 1707 5.
1902 1671 1950 1706 ad
1979 1670 2135 1706 multum

280 1735 555 1782 (necessarius)
583 1736 653 1782 IX,
688 1737 745 1783 16,
777 1734 810 1775 1.
842 1736 891 1772 ad
919 1746 1102 1772 summum
1130 1735 1197 1782 IV,
1228 1734 1287 1782 20,
1319 1736 1352 1772 2.
1382 1736 1431 1772 ad
1458 1735 1586 1773 vivum
1615 1735 1681 1782 VI,
1712 1733 1771 1781 12,
1800 1734 1835 1772 3.
1865 1736 1912 1771 de
1940 1735 2063 1772 medio
2089 1735 2135 1782 V,

279 1799 314 1847 6,
345 1800 405 1837 35.
447 1802 493 1837 de
535 1800 684 1847 integro
712 1800 782 1848 IX,
814 1799 873 1848 16,
905 1800 937 1837 1.
980 1811 1027 1837 ex
1055 1811 1174 1847 aequo
1203 1800 1270 1848 VI,
1300 1799 1361 1848 31,
1390 1798 1425 1837 2.
1473 1810 1520 1837 ex
1549 1800 1626 1837 alto
1654 1799 1726 1847 III,
1756 1798 1791 1847 7,
1821 1798 1855 1837 3.
1899 1810 1946 1836 ex
1974 1800 2135 1847 angusto

278 1866 349 1913 IX,
380 1866 440 1913 14,
469 1868 504 1903 9.
535 1877 582 1903 ex
610 1866 799 1903 concitato
827 1866 893 1913 VI,
924 1865 984 1913 29,
1014 1866 1048 1903 3.
1078 1878 1125 1903 ex
1152 1868 1346 1903 commodo
1374 1866 1441 1913 VI,
1472 1867 1507 1913 2,
1542 1866 1597 1903 14.
1628 1877 1648 1903 e
1677 1865 1864 1903 contrario
1892 1866 1968 1912 XI,
2015 1865 2048 1912 1,
2092 1865 2134 1902 11

278 1931 437 1978 (saepe).
467 1942 486 1968 e
517 1932 609 1968 duro
637 1932 709 1978 III,
740 1931 789 1969 10
817 1933 851 1968 3.
882 1942 929 1968 ex
957 1931 1062 1968 facili
1090 1931 1156 1978 IV,
1185 1931 1247 1979 33,
1277 1930 1309 1968 4.
1338 1931 1404 1979 VI,
1433 1933 1468 1979 6,
1502 1933 1538 1980 1,
1567 1931 1657 1979 XII,
1687 1930 1798 1979 46,1.
1828 1942 1875 1969 ex
1889 1931 2039 1978 integro
2064 1931 2134 1978 IX,

282 1999 338 2043 13,
367 1996 401 2034 8.
430 2008 477 2034 ex
504 1997 708 2043 longinquo
736 1997 802 2043 VI,
832 1995 867 2043 2,
902 1998 965 2043 13,
995 1997 1108 2044 XIII,
1142 1998 1172 2044 1,
1202 1998 1237 2034 3.
1267 2008 1314 2033 ex
1341 1997 1490 2043 placido
1520 1997 1585 2044 VI,
1616 1998 1676 2044 29,
1707 1996 1741 2034 3.
1771 2008 1818 2034 ex
1846 1997 2079 2043 praescripto
2114 1996 2128 2033 1

277 2063 395 2108 praef.
425 2062 485 2099 23.
516 2073 563 2099 ex
590 2063 798 2109 propinquo
826 2063 893 2109 IV,
927 2061 983 2109 15,
1013 2061 1047 2098 3.
1078 2073 1098 2099 e
1127 2064 1257 2098 tenero
1286 2062 1337 2107 II,
1366 2061 1428 2109 20,
1458 2063 1481 2098 2
1509 2062 1703 2109 (saepius).
1733 2073 1780 2099 ex
1808 2064 1887 2099 toto
1915 2062 1967 2110 II,
1996 2061 2057 2110 21,
2090 2061 2134 2111 2,

277 2128 323 2173 V,
352 2126 387 2174 8,
417 2126 451 2164 6.
480 2139 527 2164 ex
554 2128 679 2165 vicino
707 2129 774 2174 IV,
803 2127 864 2174 29,
898 2129 963 2175 13,
993 2128 1079 2175 VII,
1109 2127 1144 2175 2,
1174 2127 1217 2174 4,
1246 2127 1277 2174 Ι,
1306 2128 1341 2173 6,
1371 2125 1406 2163 7.
1436 2127 1474 2164 in
1502 2128 1704 2165 adversum
1724 2128 1790 2175 IV,
1808 2126 1870 2175 25,
1886 2127 1921 2165 2.
1949 2128 1989 2165 in
2017 2128 2134 2165 altum

278 2193 347 2239 XI,
377 2192 411 2239 3,
441 2192 502 2230 62.
531 2193 571 2230 in
599 2194 767 2239 apricum
796 2193 865 2240 XI,
895 2194 930 2239 3,
960 2192 1018 2230 38.
1061 2193 1099 2230 in
1127 2203 1276 2230 cassum
1305 2191 1518 2240 (recidere),
1549 2192 1616 2240 IV,
1646 2192 1680 2240 3,
1711 2194 1746 2231 5.
1793 2193 1833 2231 in
1861 2204 2056 2231 commune
2088 2195 2133 2231 12

278 2259 396 2304 praef.
435 2258 469 2296 8.
511 2259 550 2295 in
588 2259 781 2296 diversum
816 2259 888 2305 III,
929 2258 986 2305 15,
1016 2257 1050 2295 2.
1091 2259 1129 2295 in
1166 2258 1331 2295 futurum
1367 2258 1440 2305 III,
1474 2257 1531 2305 10,
1573 2258 1632 2296 13.
1674 2258 1714 2295 in
1747 2259 1932 2296 infinitum
1961 2260 2006 2307 V,
2036 2258 2070 2306 3,
2100 2261 2134 2296 9.

278 2323 317 2360 in
345 2326 565 2370 perpetuum
593 2325 623 2371 I,
653 2323 688 2371 3,
717 2326 752 2361 8.
799 2323 839 2360 in
866 2326 1057 2370 posterum
1085 2324 1196 2370 XIII,
1225 2324 1260 2370 6,
1290 2324 1323 2360 3.
1369 2323 1408 2360 in
1440 2323 1663 2370 profundum
1697 2325 1769 2372 III,
1800 2323 1859 2373 11,
1889 2325 1924 2362 3.
1971 2324 2010 2362 in
2038 2336 2135 2363 sum-

278 2401 378 2426 mum
406 2390 471 2435 IV,
501 2389 535 2436 4,
564 2389 597 2427 2.
627 2391 681 2437 (in
709 2392 888 2436 quantum
918 2391 987 2436 III,
1019 2389 1078 2436 10,
1107 2389 1183 2434 20.)
1220 2390 1258 2426 in
1286 2392 1430 2426 tantum
1461 2391 1531 2436 XI,
1562 2390 1595 2437 1,
1624 2389 1674 2426 28
1712 2391 1906 2437 (saepius).
1947 2391 1986 2427 in
2016 2393 2134 2428 totum

278 2456 350 2502 III,
389 2456 423 2502 2,
458 2454 526 2502 31,
565 2455 634 2503 XI,
664 2456 698 2503 2,
728 2454 797 2504 80,
827 2456 917 2502 XII,
958 2454 990 2503 1,
1028 2455 1064 2492 4.
1105 2455 1143 2492 in
1179 2455 1395 2493 universum
1433 2456 1504 2503 III,
1543 2454 1602 2503 12,
1641 2454 1675 2493 6.
1717 2455 1757 2492 in
1789 2466 1902 2493 unum
1938 2457 2028 2504 XII,
2072 2456 2133 2505 28,

282 2524 311 2558 1.
345 2543 395 2546 ——
437 2521 475 2556 in
511 2522 588 2557 alto
625 2522 736 2568 XIII,
775 2522 810 2568 6,
855 2521 888 2558 4.
931 2523 969 2557 in
1002 2524 1132 2567 aperto
1171 2520 1215 2556 12
1250 2521 1366 2566 praef.
1402 2523 1436 2558 6.
1477 2521 1516 2557 in
1552 2531 1689 2557 arcano
1728 2523 1767 2556 et
1801 2523 1930 2566 operto
1967 2523 2038 2569 III,
2074 2521 2133 2569 10,

281 2587 337 2624 10.
379 2586 419 2622 in
452 2596 571 2632 egeno
605 2586 671 2633 IV,
701 2587 761 2634 31,
796 2588 823 2624 1.
853 2587 891 2624 in
927 2587 1001 2625 imo
1039 2587 1129 2633 XII,
1168 2587 1202 2632 2,
1246 2587 1259 2622 1
1301 2585 1458 2633 (saepe).
1495 2585 1534 2622 in
1571 2584 1846 2626 mediterraneo
1885 2586 1974 2634 XII,
2004 2585 2065 2635 25,
2101 2586 2133 2625 1.

452 2723 472 2760 1]
497 2723 560 2752 Ctr.
586 2723 731 2760 Draeger.
759 2724 872 2753 Hister.
898 2726 1017 2762 Syntax
1039 2725 1096 2753 der
1117 2724 1168 2753 lat.
1192 2724 1342 2761 spraehe.
1367 2724 1401 2755 ll.
1424 2723 1503 2752 Auss.
1530 2723 1540 2751 1
1565 2730 1614 2760 pg.
1639 2725 1685 2752 55.
