2290 3102
1041 245 1298 285 -42-

234 357 350 394 simili
377 356 650 394 sententiarum
679 355 958 393 constructione
986 355 1041 393 uti
1068 358 1196 393 notum
1224 358 1294 394 est.
1312 357 1339 403 ¹)
1367 356 1469 394 Satis
1489 356 1563 394 erit
1581 367 1696 394 unum
1715 356 1849 394 afferre
1870 357 2092 404 exemplum,

234 423 420 470 quoniam,
450 422 658 468 quicunque
679 421 740 459 vel
755 432 876 467 panca
886 421 1117 458 Columellae
1144 422 1292 468 legerit,
1321 423 1418 459 hanc
1446 423 1630 459 sermonis
1646 422 1910 459 Columelliani
1929 423 2094 469 proprie-

233 491 352 525 tatem
379 487 492 524 facile
521 487 788 534 deprehendet.
818 486 882 533 IV,
912 484 973 533 29,
1006 485 1051 523 10
1080 485 1220 524 vinculi
1247 498 1366 534 genus
1394 489 1443 524 ad
1488 487 1704 525 insitionem
1759 499 1832 525 non
1879 499 1991 526 unum
2020 491 2096 527 est:

233 553 299 591 alii
332 553 535 591 viminibus
573 553 833 600 obstringunt3
862 552 1033 589 nonnulli
1054 552 1288 589 circumdant
1313 554 1410 590 libro
1432 553 1626 602 fissuram;
1655 553 1805 601 plurimi
1831 554 1953 601 ligant
1976 554 2098 591 iunco>

233 621 332 667 quod
360 622 421 657 est
448 621 643 666 optimun13
690 630 775 655 nam
804 619 942 665 vimen,
972 629 1055 655 cum
1084 619 1233 664 inaruit,
1263 622 1437 664 penetrat
1465 621 1503 655 et
1531 619 1677 655 insecat
1714 619 1914 666 corticem3
1943 622 2097 665 propter

233 686 331 732 quod
365 685 541 723 molliora
568 684 720 722 vincula
757 683 876 731 magis
905 683 1116 731 probamus.
1133 682 1161 731 2)

1115 745 1135 791 ξ
1164 744 1223 782 60.

421 832 533 869 Haud
564 842 650 867 raro
696 830 868 876 singulae
903 830 1116 866 sententiae
1162 830 1293 866 ordine
1330 841 1448 875 aequo
1486 830 1730 877 collocantur,
1773 841 1928 876 quarum
1970 831 2092 867 altera

232 898 345 936 alteri
372 897 544 935 subiecta
570 907 656 933 esse
684 896 833 942 debeat,
863 907 893 932 e.
920 906 976 941 g.:
1014 896 1066 942 II,
1096 895 1130 942 9,
1161 897 1181 932 7
1211 897 1278 932 sed
1307 898 1367 932 est
1394 898 1432 932 et
1459 897 1582 932 altera
1623 896 1763 942 (satio),
1793 907 1875 933 cum
1903 897 2004 943 cogit
2031 907 2093 933 ne-

234 965 418 1001 cessitas:
449 963 680 999 trimestrem
708 964 848 998 vocant
875 961 1065 1007 agricolae
1106 962 1188 1008 (pro
1232 972 1363 1008 „quam
1396 982 1437 986 —
1470 960 1661 1007 vocant).“
1701 961 1812 1008 XIII,
1859 960 1904 999 14
1931 961 2098 999 bitumen

232 1042 315 1069 cum
343 1031 426 1068 oleo
455 1029 615 1075 coquito,
645 1039 689 1065 eo
718 1039 863 1073 quoque
891 1027 986 1064 imas
1015 1028 1113 1064 vites
1142 1028 1299 1074 tangito,
1329 1028 1508 1065 formicae
1537 1040 1610 1065 non
1631 1030 1826 1065 excedent.
1872 1029 1962 1075 XII,
1992 1028 2053 1075 30,
2073 1027 2097 1065 2

232 1098 264 1134 si
293 1107 366 1142 qua
393 1095 483 1134 vina
510 1097 621 1132 erunt
648 1093 800 1131 duriora
841 1096 906 1130 aut
948 1093 1069 1130 minus
1111 1094 1209 1130 bona
1240 1116 1283 1119 —
1314 1095 1451 1131 sumito
1493 1094 1636 1131 faecem
1674 1094 1760 1130 boni
1802 1094 1880 1131 vini
1909 1098 1947 1130 et
1974 1105 2090 1140 panes

232 1163 347 1199 facito
378 1183 421 1187 -—
455 1163 493 1197 et
521 1160 644 1206 pondo
671 1160 920 1204 quadrantem
948 1159 1139 1205 amphoris
1168 1158 1327 1205 singulis
1356 1159 1532 1196 infricato
1567 1162 1605 1196 et
1638 1159 1811 1196 oblinito:
1850 1160 1986 1196 bonum
2014 1159 2089 1196 fiet.

233 1229 279 1275 V,
309 1227 344 1275 9,
378 1227 422 1263 19
450 1226 577 1263 solent
603 1224 718 1261 etiam
747 1224 918 1269 quamvis
946 1225 1071 1260 laetae
1092 1225 1247 1261 arbores
1276 1224 1435 1260 fructum
1457 1236 1530 1260 non
1558 1225 1709 1261 afferre:
1741 1236 1806 1261 eas
1835 1225 2022 1261 terebrari
2046 1246 2090 1250 —-

232 1292 421 1330 convenit.

1105 1356 1128 1401 ,ξ
1156 1354 1216 1391 61.

419 1427 558 1473 Verba,
588 1435 683 1472 quae
711 1424 750 1461 in
778 1424 1058 1472 „coordinatis“
1088 1424 1301 1467 sententiae
1328 1424 1503 1462 membris
1525 1424 1597 1462 sibi
1613 1426 1853 1472 respondent,
1884 1425 2093 1463 Columella

233 1496 365 1532 eodem
393 1504 539 1539 quoque
569 1491 701 1528 ordine
729 1491 916 1526 collocare
945 1492 1061 1537 solet,
1091 1492 1157 1526 sed
1186 1490 1491 1535 frequentissime
1512 1491 1626 1526 etiam
1655 1491 1874 1537 „chiasmi“,
1893 1492 1954 1537 qui
1982 1502 2091 1528 voca-

230 1564 302 1609 tur,
331 1559 462 1608 figura,
491 1556 694 1604 invenitur,
724 1567 833 1602 quam
863 1556 1087 1603 praesertim
1115 1556 1286 1593 rhetores
1316 1567 1517 1602 usurpasse
1546 1558 1706 1593 constat.
1724 1555 1750 1605 ³)

419 1625 456 1670 a)
486 1622 874 1669 Parallelismus,
892 1621 952 1668 qui
970 1624 1136 1659 vocatur.
1149 1621 1221 1669 Qui
1237 1621 1513 1669 saepissime
1533 1622 1696 1660 occurrit
1709 1623 1747 1660 in
1771 1624 1945 1660 duobos
1966 1635 2093 1661 mem-

231 1692 341 1738 bris,
359 1690 516 1728 rarius
531 1689 569 1725 in
590 1688 810 1734 pluribus
827 1699 935 1732 quam
956 1689 1117 1724 duobus:
1137 1688 1166 1733 I,
1194 1688 1230 1733 4,
1246 1689 1269 1723 3
1285 1691 1350 1723 aut
1376 1688 1560 1723 ubertatis
1588 1688 1778 1724 illecebris
1794 1692 1860 1724 aut
1873 1689 2092 1725 deliciarum

230 1755 488 1794 concinnitate
517 1752 652 1800 decipi.
681 1752 748 1799 IV,
777 1750 838 1799 21,
868 1749 891 1788 2
919 1751 992 1788 loci
1020 1751 1167 1789 laetitia
1195 1752 1335 1798 plureS,
1365 1752 1517 1789 exilitas
1558 1753 1753 1798 pauciores
1782 1754 1959 1800 palmites
1994 1755 2092 1790 desi-

231 1825 349 1860 derat.
378 1821 450 1868 111,
486 1819 541 1867 10,
571 1820 620 1856 22
648 1819 742 1855 haec
770 1818 939 1864 pluribus
968 1818 1070 1854 dicta
1098 1821 1195 1865 sunt,
1238 1829 1348 1863 quam
1390 1818 1570 1865 exigebat
1611 1819 1708 1856 ratio
1742 1819 1927 1866 veritatis,
1970 1819 2091 1856 minus

230 1892 357 1925 tamen
385 1886 524 1932 multis,
554 1896 664 1930 quam
692 1884 911 1930 postulabat
929 1905 968 1908 —-
1002 1884 1126 1929 opinio
1155 1884 1389 1919 rusticorum.
1420 1885 1471 1919 Vl
1486 1884 1604 1929 praef.
1640 1887 1652 1919 l
1686 1896 1768 1920 cum
1796 1885 1862 1920 ille
1890 1895 1982 1931 puro
2011 1886 2091 1922 solo

229 1953 394 2000 gaudeat
423 1973 468 1976 -—
498 1949 559 1987 hic
586 1948 814 1996 graminoso,
839 1971 880 1974 —
905 1948 970 1985 ille
998 1949 1157 1985 fructum
1188 1961 1208 1985 c
1236 1952 1340 1985 terra
1368 1952 1505 1996 speret,
1537 1950 1595 1986 bic
1624 1961 1644 1987 c
1673 1961 1817 1996 pecore.
1838 1951 1944 1997 VIII,
1980 1950 2034 1997 17,
2064 1951 2087 1986 ὃ

229 2020 388 2065 plusque
419 2019 531 2054 nocet
558 2014 678 2062 putris
707 2015 818 2061 unda,
849 2025 957 2059 quam
988 2016 1143 2060 prodest
1171 2015 1351 2061 opacitas.
1381 2015 1450 2062 XI,
1484 2015 1515 2062 1,
1557 2015 1602 2051 14
1631 2026 1700 2052 nec
1729 2016 1933 2062 praemium
1962 2016 2088 2053 iucun-

230 2085 312 2120 dius
342 2094 452 2128 quam
482 2083 642 2118 fructum
671 2080 853 2125 libidinis,
883 2091 952 2115 nec
981 2081 1203 2125 supplicium
1232 2081 1384 2127 gravius
1415 2092 1525 2127 quam
1554 2080 1838 2117 frustrationem
1866 2081 2083 2127 cupiditatis

229 2149 433 2187 existimat.
452 2148 502 2194 Π,
534 2149 567 2195 7,
597 2148 619 2183 2
635 2146 785 2183 utlocis
814 2145 962 2192 frigidis
977 2146 1164 2193 ocissime,
1189 2147 1326 2192 tepidis
1347 2147 1521 2193 celerius,
1546 2147 1679 2183 calidis
1692 2146 1896 2183 novissime
1907 2158 2087 2184 seramus.

228 2215 352 2261 11,1·2‚
381 2213 404 2249 4
432 2213 545 2249 lentis
567 2214 720 2247 occatur
746 2221 821 2246 una
835 2211 992 2257 (opera),
1008 2211 1168 2246 sarritur
1195 2212 1350 2257 duabus,
1365 2214 1542 2247 runcatur
1569 2222 1653 2258 una,
1683 2211 1836 2247 vellitur
1863 2223 1945 2248 una.
1966 2212 2035 2259 XI,
2064 2211 2087 2249 2

227 2279 277 2316 95
305 2283 347 2316 111
374 2279 459 2315 olea
486 2279 636 2325 legatur
664 2280 703 2314 et
731 2276 854 2312 oleum
884 2276 1114 2321 conficiatur,
1157 2280 1197 2312 ut
1224 2276 1313 2312 vitis
1353 2277 1501 2321 palatur
1535 2279 1573 2311 et
1606 2277 1728 2321 capite
1757 2282 1867 2312 tenus
1897 2277 2086 2323 alligetur,

226 2349 269 2384 ut
295 2345 385 2394 iuga
411 2343 534 2382 vincis
562 2342 802 2391 imponantur
830 2344 868 2379 et
896 2340 1160 2388 capistrentur.

403 2483 425 2520 ¹)
447 2484 509 2512 Cl'r.
535 2482 709 2511 llandbucb
731 2482 789 2510 der
812 2482 905 2509 klass.
931 2478 1321 2508 Alteriumswissensehart
1342 2480 1392 2507 ed.
1417 2480 1445 2507 J.
1471 2481 1579 2507 Miiller
1602 2481 1637 2507 ll.
1664 2483 1736 2507 1885
1760 2488 1808 2516 pg.
1835 2483 1902 2508 391.

400 2532 423 2566 ²)
447 2532 592 2559 Ceterum
619 2530 811 2558 monendum
834 2531 882 2557 est
904 2530 963 2556 1106
986 2529 1065 2561 loco,
1091 2528 1171 2554 lianc
1192 2527 1367 2562 simplicem
1391 2528 1538 2564 loquendi
1575 2529 1749 2562 rationem,
1787 2536 1867 2565 quae
1882 2529 1995 2556 similis
2029 2530 2076 2557 est

226 2583 403 2611 cotidianae
435 2580 561 2609 dicendi
598 2579 834 2612 consuetudini,
873 2586 933 2606 non
972 2578 1107 2605 inveniri
1143 2576 1173 2603 in
1204 2576 1450 2612 praelationibus
1479 2578 1611 2612 singulis
1640 2578 1728 2605 libris
1752 2578 1951 2613 praemissis3
1978 2579 2007 2604 in
2032 2578 2080 2605 his

226 2634 309 2660 enim
333 2631 503 2659 Columella
526 2631 603 2657 artis
627 2629 804 2656 rhetoricae
828 2631 998 2663 praecepta
1021 2628 1150 2654 secutus
1172 2625 1380 2652 elocutionem
1406 2626 1542 2653 maxime
1564 2626 1703 2662 expolire
1725 2626 1860 2654 studuit.

399 2677 422 2714 ⁸)
446 2678 507 2708 Csr.
533 2677 680 2713 Draeger,
704 2677 792 2714 Synt.
816 2685 846 2704 u.
872 2677 927 2705 Stil
950 2676 1006 2704 des
1029 2676 1100 2704 Tac.
1125 2682 1177 2711 pg.
1202 2676 1268 2701 ⁴20.
