2290 3102
1010 331 1251 370 -ΙΙΙ-

214 447 253 482 et
280 445 418 482 exilem
445 442 643 481 materiam
670 441 838 489 eleganti
866 441 1036 479 oratione
1055 441 1254 479 vestiendo
1276 446 1315 480 et
1333 444 1499 480 ornando
1514 443 1553 480 id
1582 443 1842 489 compensavit
1864 446 1903 481 et
1921 444 2059 482 tersior

210 511 271 547 est
297 520 407 556 quam
436 506 554 545 ceteri
583 505 640 544 rei
666 505 831 544 rusticae
859 506 1075 554 scriptores.
1129 506 1332 545 Enimvero
1373 518 1446 545 non
1486 518 1608 555 pauca
1649 507 1689 545 in
1731 507 1811 545 eius
1847 509 2057 547 elocutione

209 575 463 621 inveniuntur,
485 584 581 619 quae
595 573 780 610 sermonis
797 573 976 610 cotidiani
989 573 1142 619 propria
1169 576 1267 620 sunt,
1295 584 1415 619 neque
1445 573 1580 610 mirum
1599 574 1670 610 hoc
1690 576 1760 620 est,
1789 573 1822 610 si
1849 575 2056 621 cogitamus

211 640 458 678 Columellam
498 637 649 676 rusticis
689 637 806 675 libros
848 648 934 676 suos
977 638 1264 686 conscripsisse;
1310 639 1499 676 nonnullis
1542 638 1649 685 locis,
1693 640 1792 685 quod
1832 639 1969 677 attinet
2009 642 2057 677 ad

208 704 392 741 rationem
420 702 679 750 syntacticam,
708 703 915 740 declinavit
953 704 1000 740 ab
1029 713 1166 740 aureae
1194 704 1331 741 aetatis
1367 704 1630 751 scriptoribus;
1673 707 1877 751 argenteae
1918 706 2055 742 aetatis

208 769 372 816 vestigia
400 779 443 805 eo
472 761 616 815 quoque
644 769 985 816 deprehenduntur,
1014 770 1112 815 quod
1140 779 1401 815 nonnunquam
1428 769 1587 816 poeticis
1616 770 1773 807 vocibus
1801 770 1919 807 utitur
1937 772 1983 817 1);
2018 775 2057 808 at

209 845 284 871 non
312 834 484 871 invenies
512 835 611 880 apud
626 834 872 871 Columellam
898 835 1109 880 quaesitum
1136 834 1229 871 illud
1257 837 1295 871 et
1308 834 1549 872 artificiosum
1579 838 1618 872 et
1631 836 1836 880 praedulce
1864 836 2056 872 scribendi

208 910 341 946 genuS,
370 900 467 944 quod
483 898 711 945 peculiarem
727 899 763 935 ei
791 899 920 945 aetati,
941 910 1015 944 qua
1030 899 1239 935 Columella
1257 910 1363 935 suum
1391 901 1436 935 de
1457 911 1498 936 re
1518 900 1661 936 rustica
1682 910 1773 945 opus
1794 901 2001 945 composuit
2017 900 2055 949 ²),

209 964 387 1012 loquendi
430 964 593 1003 indolem
636 975 679 1002 ac
719 964 877 1002 formam
907 964 1042 1003 effecit.
1100 964 1218 1002 Recte
1263 964 1377 1013 igitur
1403 965 1446 1003 V.
1492 964 1723 1013 Barberet⁸)
1768 965 1874 1003 dicit:
1924 977 2057 1013 „quam

211 1032 374 1068 maxime
402 1032 594 1077 discrepat
638 1032 684 1068 ab
714 1032 884 1068 omnibus
926 1042 1016 1068 suae
1058 1031 1196 1068 aetatis
1240 1031 1496 1078 scriptoribus,
1537 1035 1579 1069 ut
1620 1032 1762 1069 nemini
1798 1043 1845 1069 ex
1886 1033 2055 1070 oratione

209 1099 356 1135 tantum
384 1096 586 1134 conicienti
605 1107 802 1134 occurrere
820 1096 952 1143 possit,
983 1107 1067 1133 eum
1086 1096 1221 1133 iisdem
1240 1096 1480 1143 temporibus,
1510 1097 1643 1142 quibus
1664 1097 1810 1135 Seneca
1837 1108 1907 1135 nec
1927 1098 2055 1136 multis

209 1165 297 1201 ante
325 1163 488 1200 Plinium
518 1166 556 1200 et
575 1162 745 1200 Tacitum
773 1162 976 1200 latinitatis
1009 1172 1092 1199 eam
1122 1161 1287 1208 speciem
1315 1161 1513 1199 edidisse.“
1546 1162 1755 1200 Columella
1782 1173 1857 1200 non
1885 1164 2057 1211 congerit

208 1232 273 1266 aut
288 1230 453 1265 cumulat
467 1231 649 1274 ornatum,
678 1239 754 1265 non
781 1228 902 1265 inhiat
930 1227 1136 1273 effectibus,
1166 1228 1234 1263 sed
1262 1226 1422 1263 elocutio
1452 1227 1531 1264 eius
1559 1228 1689 1264 nativa
1716 1228 1960 1274 simplicitate
1991 1240 2055 1265 na-

207 1296 395 1341 turalique
423 1296 585 1332 candore
614 1295 778 1332 excellit.
836 1295 888 1332 Ut
933 1294 1084 1340 saepius
1122 1298 1315 1339 corruptos
1358 1304 1449 1330 suae
1491 1294 1628 1330 aetatis
1664 1305 1787 1331 mores
1816 1295 1986 1340 queritur
2018 1299 2057 1332 et

206 1360 381 1398 laudibus
397 1359 505 1398 effert
519 1359 710 1407 simplices
730 1359 894 1407 priorum
913 1363 1121 1406 temporum
1141 1369 1202 1395 res
1211 1357 1253 1406 4),
1282 1358 1337 1395 ita
1360 1358 1399 1395 in
1416 1358 1605 1396 scribendi
1623 1370 1761 1407 genere
1781 1370 1856 1397 non
1875 1360 2054 1406 aequales

207 1426 386 1472 imitatur,
416 1428 483 1462 sed
510 1429 673 1471 veteres,
702 1426 872 1471 inprimis
901 1426 1119 1461 Ciceronem
1148 1430 1186 1460 et
1204 1425 1413 1470 Vergilium
1441 1425 1548 1469 quasi
1577 1427 1749 1471 exempla
1768 1427 1840 1462 sibi
1859 1427 2055 1472 proposuit

208 1491 256 1528 ad
284 1490 517 1529 imitandum.
560 1490 693 1537 Itaque
722 1489 889 1537 exceptis
917 1489 1044 1537 paucis
1073 1489 1167 1527 locis
1195 1489 1322 1537 lepida
1349 1492 1387 1527 et
1414 1492 1574 1527 venusta
1601 1490 1823 1538 optimisque
1850 1491 2053 1528 latinitatis

208 1558 423 1593 auctoribus
452 1557 567 1603 digna
593 1557 710 1592 utitur
738 1557 902 1592 dictione
931 1560 969 1593 et
995 1557 1196 1601 praecipue
1224 1556 1478 1601 praefationes
1507 1557 1666 1602 singulis
1691 1558 1799 1593 libris
1818 1558 2053 1602 praemissae

207 1623 398 1670 specimen
426 1633 511 1660 esse
538 1625 696 1670 possunt
723 1622 904 1660 orationis
932 1633 1015 1659 cum
1042 1621 1262 1669 perpolitae,
1291 1624 1368 1659 tum
1397 1621 1605 1668 aequaliter
1633 1626 1671 1659 et
1698 1623 1821 1669 ample
1849 1622 2011 1660 fluentis.

401 1688 476 1726 Sed
498 1688 578 1736 J'am
605 1688 769 1735 praefari
797 1688 1013 1726 desinamus
1042 1691 1080 1724 et
1108 1688 1329 1724 accedamus
1358 1689 1405 1724 ad
1434 1687 1552 1734 ipsam
1580 1689 1850 1734 quaestionem.

384 1831 403 1866 ¹)
429 1832 489 1861 Clr.
514 1840 541 1861 e.
564 1841 592 1868 g.
614 1832 648 1867 ll,
673 1834 699 1866 2,
725 1834 760 1860 23
783 1839 873 1868 agros
896 1838 1025 1860 vomere
1048 1831 1207 1865 sauciare;
1233 1831 1281 1866 ΙΙΙ,
1304 1832 1350 1865 21,
1375 1832 1390 1858 3
1414 1831 1493 1859 alma
1516 1831 1605 1860 tellus
1619 1839 1720 1860 annua
1737 1832 1803 1860 vice
1821 1832 1903 1860 velut
1919 1836 2052 1861 aeterno

207 1883 344 1916 quodam
368 1883 536 1916 puerperio
558 1882 637 1908 laeta
660 1883 843 1909 mortalibus
866 1883 1001 1908 distenta
1025 1885 1126 1908 musio
1149 1880 1286 1907 demittit
1309 1880 1416 1908 ubera.

379 1929 400 1965 ²)
426 1929 497 1959 Veri
514 1929 708 1959 simillimum
730 1932 778 1959 est
799 1929 1002 1959 Columellam
1025 1936 1106 1967 opus
1128 1935 1221 1956 suum
1243 1927 1415 1957 confecisse
1436 1929 1564 1957 circiter
1585 1936 1702 1957 annum
1726 1931 1774 1957 65.

377 1978 399 2002 3Ι
425 1980 444 2007 1,
468 1979 487 2006 1.
536 2001 542 2006 .
568 1981 614 2006 47.

380 2004 400 2059 ⁴1¹)
426 2025 488 2055 Cfr.
513 1987 649 2062 ⁵)prael.
676 2028 710 2062 33
734 2027 779 2054 4⁴.
824 2025 850 2053 X
871 2024 968 2062 praes.
992 2027 1019 2053 Ξ.
1064 2025 1117 2053 Xll
1143 2024 1240 2061 praes.
1264 2027 1291 2053 8.
1318 2025 1357 2053 al.
