2290 3102
1035 274 1262 314 -6-

334 383 374 429 b)
402 383 557 421 Ad'vim
586 382 897 430 comparativi
923 384 1100 431 gradus
1120 385 1333 431 augendam
1353 385 1562 422 Columella
1580 385 1660 423 fere
1677 396 1826 432 semper
1843 385 2064 423 adverbium

217 448 404 495 „longe“
442 460 510 495 pro
547 448 741 496 „multo'‘
780 449 945 497 adhibet,
974 450 1071 496 quod
1099 450 1263 487 nondum
1301 451 1400 497 apud
1428 450 1648 489 Ciceronem
1675 453 1714 489 et
1742 451 1955 499 Caesarem,
1999 453 2068 489 sed

213 524 402 561 persaepe
429 515 529 561 apud
556 514 780 552 Sallustium
808 514 1055 552 invenitur.
1087 515 1113 563 ¹)

401 580 485 617 Hoc
525 590 671 627 quoque
713 579 893 618 cotidiani
937 580 1122 618 sermonis
1163 580 1316 619 videtur
1357 592 1442 619 esse
1482 583 1682 629 proprium.
1711 582 1741 632 ²)
1780 584 1907 621 Pauca
1946 584 2062 621 affero

213 645 407 693 exempla:
434 646 548 694 longe
574 646 713 684 laetior
739 647 785 692 V,
814 646 849 692 6,
877 648 913 683 3.
942 647 1054 693 longe
1083 646 1245 683 celerius
1273 646 1344 694 III,
1374 648 1409 694 5,
1440 648 1475 684 2.
1504 648 1617 695 longe
1646 649 1766 696 magis
1794 649 1882 686 VII.
1914 647 1972 686 12.
2005 649 2063 688 12.

212 711 326 759 longe
353 710 474 749 maior
505 710 608 759 VIII,
642 711 698 759 14,
727 710 771 759 5;
800 711 871 758 XI,
900 711 935 758 3,
964 710 1024 748 20.
1051 712 1164 759 longe
1193 712 1327 749 melior
1348 712 1413 759 VI,
1435 714 1470 760 2,
1502 712 1570 761 12,
1600 713 1666 760 VI,
1688 713 1724 760 3,
1744 716 1778 751 ὖ.
1798 715 1912 761 longe
1934 714 2068 752 melius

212 777 282 823 XI,
312 776 347 824 3,
376 775 446 825 20,
475 777 566 825 XII,
596 778 656 825 26,
685 775 720 814 2.
751 776 883 824 (multo
910 776 1046 814 melius
1075 777 1164 824 XII,
1195 777 1255 824 28,
1285 776 1334 825 4.)
1370 777 1482 826 longe
1511 777 1633 815 minor
1671 779 1716 826 V,
1746 781 1781 827 8,
1825 782 1863 828 1,
1901 780 2009 829 VIII,
2039 782 2062 818 8

213 842 247 880 9.
272 842 386 890 longe
413 842 550 881 utilius
578 843 667 891 VII,
695 844 731 890 3,
765 842 820 880 13.

375 908 559 946 Fortasse
585 908 647 946 hic
665 908 771 946 locus
787 910 856 956 est,
885 910 927 946 ut
945 919 1243 956 commemorem,
1264 909 1511 947 Columellam
1529 910 1680 956 saepius
1695 921 1820 956 comp
1832 922 1912 947 ara
1924 911 2069 948 tivum

211 975 398 1021 gradum
427 975 691 1021 exprimere
729 974 911 1011 adverbio
956 973 1154 1021 „magis“
1198 974 1261 1012 vel
1307 974 1503 1021 „minus“
1548 985 1631 1012 cum
1667 975 1876 1022 positivo
1916 977 2069 1023 gradu

211 1039 421 1088 coniuncto,
451 1050 560 1086 quem
587 1051 695 1078 usum
722 1041 822 1087 apud
836 1040 997 1088 optimos
1012 1039 1215 1086 scriptores
1243 1039 1437 1077 rarissime
1459 1040 1622 1078 inveniri
1651 1042 1762 1078 docet
1782 1039 2066 1089 Woelfflinus.⁸)

218 1106 289 1142 ,Jta
316 1105 527 1142 Columella
553 1105 664 1142 dicit:
693 1106 740 1152 V,
769 1104 804 1152 6,
833 1104 883 1141 24
910 1105 1121 1141 uberiorem
1153 1104 1314 1141 fructum
1343 1107 1382 1140 et
1408 1104 1529 1151 magis
1561 1104 1712 1141 facilem
1740 1105 1881 1142 cultum
1908 1115 2065 1153 sequen-

211 1171 282 1207 tes.
312 1169 385 1218 III,
416 1168 476 1218 10,
519 1167 570 1208 22
597 1169 693 1209 haec
733 1169 904 1219 plmibus
946 1168 1048 1208 dicta
1088 1171 1186 1218 sunt,
1228 1182 1338 1217 quam
1378 1170 1556 1218 exigebat
1582 1172 1680 1209 ratio
1715 1172 1902 1219 veritatis,
1942 1172 2064 1209 minus

209 1238 338 1273 tamen
365 1236 494 1273 multis
522 1247 634 1281 quam
661 1238 733 1273 etc.
761 1237 832 1282 IX,
862 1235 895 1282 1,
925 1236 948 1272 3
977 1236 1096 1283 magis
1131 1235 1339 1273 diuturnus.
1382 1235 1502 1283 magis
1531 1237 1652 1283 aptus.
1693 1236 1764 1284 IX,
1808 1237 1844 1284 3,
1874 1235 1907 1274 1.
1944 1236 2065 1285 magis

208 1300 370 1350 frigidus
397 1300 467 1349 XI,
496 1299 532 1348 2,
561 1299 623 1339 23.
666 1301 785 1348 magis
827 1301 1045 1347 frequenter
1080 1301 1149 1347 XI,
1186 1300 1221 1347 3,
1257 1300 1316 1338 56.
1358 1301 1478 1348 magis
1512 1301 1647 1339 similis
1686 1302 1753 1349 VI,
1783 1301 1845 1349 37,
1875 1301 1910 1339 5.
1940 1302 2062 1350 magis

179 1403 185 1410 ,
208 1366 422 1405 tolerabilis
450 1367 560 1414 VIII,
590 1365 625 1414 8,
659 1368 690 1404 1.
721 1366 842 1414 magis
870 1366 974 1404 utilis
1003 1367 1090 1415 VII,
1121 1366 1156 1415 3,
1185 1368 1220 1404 3.

396 1431 429 1482 0)
457 1432 799 1480 Su'perlativus
828 1443 1015 1479 quoque
1042 1434 1216 1480 gradus
1245 1444 1268 1469 a
1296 1432 1505 1470 Columella
1532 1431 1723 1471 nonnullis
1750 1432 1844 1470 10018
1873 1433 2066 1471 adverbiis

208 1498 331 1537 minus
359 1498 511 1537 usitatis
539 1501 714 1547 augetur:
744 1499 814 1546 IX,
843 1500 878 1546 3,
908 1498 931 1536 3
959 1499 1053 1545 apis,
1083 1499 1116 1535 si
1144 1499 1307 1545 saevior,
1336 1498 1499 1535 maxime
1519 1498 1684 1545 pessima
1711 1500 1780 1535 est.
1810 1496 1918 1545 VIII,
1953 1499 2009 1546 17,
2039 1500 2054 1535 1

208 1567 384 1612 stagnum
412 1574 609 1602 censemus
637 1563 775 1602 eximie
803 1564 994 1611 optimum,
1030 1565 1129 1610 quod
1156 1566 1228 1601 etc.
1268 1563 1434 1611 (Eximie
1462 1575 1545 1601 011111
1572 1563 1737 1610 positivo
1764 1565 1884 1610 gradu
1914 1564 2067 1601 coniun-

210 1632 311 1668 ctum
339 1632 468 1667 exstat
493 1629 525 1676 I,
554 1628 589 1677 3,
618 1628 641 1667 9
670 1640 762 1676 ager
789 1632 972 1677 angustus
1001 1629 1164 1677 eximie).
1206 1630 1277 1667 His
1307 1641 1354 1667 ex
1389 1629 1483 1667 locis
1519 1631 1687 1676 apparet,
1723 1629 1949 1675 superlativi
1984 1629 2063 1667 vim
2099 1647 2103 1650 ·

210 1694 443 1732 Columellae
470 1697 598 1731 aetate
625 1694 701 1731 iam
728 1693 787 1732 ita
812 1694 931 1732 fuisse
960 1695 1201 1741 deminutam,
1230 1698 1272 1732 ut
1298 1706 1419 1742 paene
1454 1696 1586 1732 eadem
1615 1697 1719 1732 esset
1758 1696 1871 1740 atque
1908 1695 2064 1740 positivi

208 1760 281 1798 vis.
309 1760 426 1797 Jdem
454 1759 633 1806 cernitur,
662 1758 726 1796 ubi
754 1759 964 1796 Columella
990 1760 1264 1806 superlativum
1292 1762 1330 1797 et
1356 1759 1560 1807 positivum
1587 1759 1687 1797 haud
1714 1770 1800 1797 raro
1825 1759 2066 1808 componit34)

206 1825 432 1873 praesertim
473 1836 564 1863 vero
601 1826 696 1862 haec
729 1825 920 1862 sententia
955 1826 1136 1872 probatur
1177 1836 1232 1873 eo,
1276 1826 1374 1872 quod
1416 1825 1624 1863 Columella
1657 1825 1794 1872 viginti
1829 1825 1923 1862 locis
1950 1825 2066 1872 parti-

208 1892 332 1929 culam
363 1891 631 1939 „quamvis“
675 1902 776 1928 cum
819 1891 1122 1937 superlativo
1165 1891 1379 1927 coniunxit:
1424 1891 1455 1937 I,
1484 1892 1519 1937 3,
1561 1889 1585 1927 2
1614 1890 1786 1936 quamvis
1825 1889 2064 1927 feracissimo

208 1956 411 2004 pinguique
454 1967 557 2005 agro,
586 1956 658 2005 III,
698 1957 732 2005 2,
778 1955 823 1994 13
865 1956 1036 2003 quamvis
1074 1955 1390 2004 generosissimus
1432 1953 1572 2005 (sapor)
1613 1955 1674 1993 sit.
1702 1956 1772 2003 XI,
1804 1958 1836 2004 1,
1865 1957 1888 1992 6
1916 1956 2067 2002 quidam

206 2024 378 2071 quamvis
407 2034 561 2070 operum
589 2022 848 2070 probatissimi
875 2023 1054 2060 artifices.
1085 2022 1112 2072 ⁵)

1096 2090 1116 2135 ἓ
1144 2087 1178 2126 6.

390 2155 492 2191 Usus
520 2154 587 2191 ille
628 2154 871 2192 adiectiva
897 2165 980 2201 pro
1022 2153 1264 2191 adverbiis
1310 2153 1475 2201 ponendi
1516 2154 1614 2201 apud
1661 2152 1908 2191 Columellam
1949 2153 2065 2191 multo

207 2220 374 2260 crebrior
401 2221 462 2258 est
489 2231 600 2267 quam
628 2221 729 2266 apud
771 2231 919 2263 aureae,
962 2231 1057 2265 quae
1085 2223 1252 2266 vocatur,
1295 2220 1496 2256 latinitatis
1538 2219 1765 2265 scriptores:
1813 2217 1833 2254 1
1863 2218 1982 2264 praef.
2013 2217 2061 2255 16

380 2318 400 2357 ¹)
427 2319 488 2350 Cir.
514 2319 788 2355 Krebs·Schmalz,
823 2319 1055 2349 Antibarbarus
1077 2319 1133 2347 der
1156 2320 1208 2347 lat.
1233 2320 1381 2355 Sprache.
1419 2319 1467 2346 Vl.
1494 2319 1575 2346 Auss.
1618 2319 1644 2345 11
1666 2326 1695 2354 p.
1724 2319 1758 2344 ³⁰
1782 2317 1802 2345 f.
1827 2325 1857 2345 u.
1881 2317 1995 2345 Archiv
2017 2317 2066 2345 fur

206 2371 257 2398 lat.
282 2369 527 2405 Lexicographie
549 2377 580 2397 u.
608 2369 804 2403 Grammatik
826 2368 876 2402 Ν,
895 2370 961 2396 166.

378 2416 402 2453 8)
426 2417 490 2447 Cl'r.
514 2418 550 2446 Α.
577 2417 729 2452 Kochler:
752 2417 796 2446 De
817 2419 901 2446 auct.
925 2416 998 2446 belli
1022 2415 1162 2445 Africani
1185 2418 1216 2445 et
1237 2414 1310 2444 belli
1334 2415 1552 2452 Hispaniensis
1575 2415 1731 2443 latinitate
1757 2415 1787 2441 in
1810 2414 1880 2442 Act.
1905 2414 1987 2442 Sem.
2006 2413 2065 2441 Er-

205 2468 286 2503 lang.
311 2467 323 2494 1
346 2475 377 2503 p.
402 2468 468 2494 11111.

378 2513 406 2552 ³)
429 2514 492 2543 Ci'r.
516 2514 686 2543 Woelfflin.
730 2516 793 2543 Lat.
819 2516 860 2543 et.
887 2522 969 2543 rom.
994 2513 1143 2550 Compar,
1165 2521 1234 2551 pag.
1261 2515 1307 2541 34.

378 2562 400 2599 ⁴)
426 2563 503 2592 Vide
525 2562 606 2591 infra
628 2571 698 2601 pag.

378 2612 403 2650 ⁵)
426 2613 539 2649 reliqui
558 2613 618 2642 loci
639 2615 728 2646 sunt:
753 2615 775 2649 1,
798 2615 825 2648 6,
851 2616 904 2648 45,
930 2614 1008 2649 11,2,
1028 2614 1081 2648 43,
1106 2610 1194 2647 lma,
1220 2612 1272 2645 25;
1307 2609 1341 2644 11,
1367 2610 1394 2643 ⁴,
1422 2610 1456 2642 7;
1482 2608 1519 2642 11,
1543 2608 1588 2642 ⁴2,
1618 2609 1652 2642 ε,
1687 2607 1737 2642 111,
1761 2609 1808 2643 2⁴,
1834 2609 1868 2643 1,
1894 2608 1943 2643 111,
1968 2610 2014 2643 17,
2039 2610 2065 2643 ³,

202 2663 252 2698 Ν,
276 2664 325 2698 2⁴,
348 2664 401 2698 47,
426 2662 477 2698 Ν,
500 2664 547 2697 2⁴,
571 2665 625 2698 19,
649 2663 684 2698 V,
710 2665 757 2698 η,
782 2665 817 2698 1,
843 2663 904 2699 Vll,
929 2665 957 2698 2,
981 2662 1104 2696 2:V11,
1129 2664 1156 2695 3,
1181 2663 1214 2696 8,
1241 2660 1305 2693 Vll,
1329 2656 2061 2693 8,11,ῊΙΙ,46,4,1Χ,44,45,Χ1,3,42,

202 2711 284 2747 xm,
308 2713 356 2747 28,
379 2713 408 2740 4.
