2290 3102
995 221 1248 257 ...55-

381 330 422 376 b)
449 328 510 365 Ex
537 328 896 365 adiectivorum
936 330 980 364 et
1006 329 1345 364 adverbiorum
1384 337 1524 373 genere
1559 329 1725 363 notanda
1764 331 1868 365 sunt:
1915 330 2044 366 alacer

198 398 311 443 atque
337 395 462 433 audax
488 393 576 441 VII,
604 390 639 440 6,
668 391 702 431 9.
730 393 935 431 clementer
961 395 1000 431 et
1028 392 1192 431 molliter
1218 392 1270 441 II,
1298 390 1334 440 2,
1365 390 1397 429 1.
1438 393 1591 430 crudum
1624 392 1745 431 solum
1777 392 2044 442 immotumque

197 463 249 511 Il,
277 460 313 510 2,
340 460 401 499 25.
428 461 650 498 cunctanter
676 461 715 496 et
739 458 918 506 languide
944 458 1014 507 XI,
1044 457 1078 506 1,
1109 457 1166 495 17.
1186 458 1385 506 eleganter
1398 459 1437 495 et
1463 458 1558 495 scite
1586 459 1638 506 H,
1668 457 1702 506 1,
1731 457 1767 496 2.
1796 458 1906 497 fissus
1934 461 2045 498 rimo-

198 539 337 574 susque
363 526 395 574 I,
415 529 451 574 5,
474 525 530 563 10.
558 536 713 571 corpora
737 526 839 561 fluxa
865 528 904 561 et
930 526 1098 561 resoluta
1129 528 1144 561 1
1176 525 1293 570 praef.
1322 524 1379 561 17.
1407 524 1499 561 foris
1520 528 1559 561 et
1594 525 1633 561 in
1661 528 1792 570 aperto
1819 526 1898 562 XII
1930 528 2049 573 praef.

199 595 235 633 6.
265 593 415 632 fortiter
433 594 472 630 et
489 593 780 639 perseveranter
809 589 891 637 VII,
920 588 980 638 12,
1009 588 1041 627 7.
1069 589 1282 628 fructuosus
1311 592 1423 636 atque
1450 589 1555 627 utilis
1584 590 1614 637 I,
1644 588 1678 638 4,
1710 590 1742 628 2.
1770 591 1908 630 laetius
1937 595 2049 640 atque

200 659 359 698 hilarius
386 658 454 705 IV,
484 656 544 704 27,
576 657 606 694 1.
636 666 812 694 numerus
841 656 961 703 impar
995 656 1219 693 observatur
1258 666 1328 693 nec
1356 666 1506 702 semper
1532 656 1632 693 idem
1666 656 1773 704 VIII,
1802 656 1839 704 5,
1867 656 1900 695 8.
1928 669 2048 706 genus

199 725 359 763 liberale
400 726 440 761 et
473 723 674 770 ingenuum
714 721 732 759 1
763 721 879 768 praef.
912 721 968 758 10.
997 721 1142 758 medius
1170 723 1476 767 temperatusque
1503 721 1534 768 Ι,
1564 721 1598 769 5,
1628 720 1661 758 8.
1704 722 1806 759 mitis
1835 733 1879 759 ac
1906 726 2047 770 tempe-

201 793 305 828 ratus
334 790 407 837 ΙΙΙ,
437 788 497 837 20,
528 788 560 826 1.
591 787 825 836 (qualitates)
853 786 954 823 inter
981 797 1022 823 se
1050 786 1191 823 mixtae
1218 786 1364 823 vicibus
1393 790 1431 823 et
1454 775 1668 824 alternatae
1694 787 1745 834 H,
1774 786 1809 835 2,
1840 788 1874 825 2.
1903 789 2047 826 modice

203 860 241 895 et
267 857 349 894 sine
377 856 620 894 festinatione
647 854 734 901 VII,
763 854 799 900 5,
829 851 887 889 13.
916 853 1049 889 mutila
1075 855 1188 898 atque
1216 852 1438 899 imperfecta
1452 853 1682 891 universitas
1698 853 1768 901 IX,
1791 854 1827 901 2,
1844 855 1879 892 2.
1908 855 2048 893 natalis

207 925 246 960 et
272 922 443 969 ingenita
470 921 654 958 sterilitas
682 919 755 965 ΙΠ,
784 917 819 965 7,
848 916 884 953 2.
912 918 1064 955 naviter
1096 921 1136 955 et
1175 918 1257 955 sine
1285 918 1374 955 ullis
1419 919 1767 957 concessationibus
1813 920 1884 968 XI,
1928 920 1961 968 1,
1992 920 2050 958 16.

202 1000 322 1035 nuper
347 1000 392 1025 ac
419 989 527 1025 modo
555 987 627 1033 ΙΙΙ,
657 984 691 1032 9,
720 985 756 1022 3.
784 994 991 1030 perpensas
1019 985 1312 1031 exploratasque
1341 983 1357 1021 1
1390 985 1508 1030 praef.
1554 984 1615 1023 29.
1657 986 1763 1033 pigre
1792 998 1839 1024 ac
1881 987 2051 1035 segniter

131 1066 133 1068 ·
203 1054 290 1102 VII,
319 1054 354 1101 5,
383 1052 416 1090 3.
444 1052 595 1100 placida
622 1055 662 1090 et
688 1064 825 1092 serena
851 1051 957 1099 regio
984 1050 1057 1098 ΙΙΙ,
1089 1051 1120 1098 1,
1150 1048 1185 1087 7.
1213 1050 1363 1098 placide
1391 1060 1435 1087 ac
1462 1050 1565 1088 lente
1593 1051 1679 1098 VII,
1708 1050 1743 1099 6,
1772 1052 1807 1089 9.
1830 1062 1981 1099 campus
2003 1053 2053 1090 ad

203 1121 322 1157 solem
348 1130 487 1165 pronus
515 1119 737 1166 apricusque
766 1120 817 1166 ΙΙ,
845 1120 881 1165 9,
911 1117 945 1154 3.
987 1119 1153 1153 retracta
1180 1119 1219 1153 et
1245 1116 1424 1163 resupina
1459 1116 1584 1162 capita
1608 1118 1659 1164 II,
1690 1118 1723 1164 2,
1753 1116 1814 1155 23.
1857 1129 1985 1155 socors
2015 1121 2054 1155 et

204 1185 475 1223 somniculosus
503 1185 534 1231 Ι,
563 1186 605 1231 8,r
627 1183 662 1222 2.
691 1188 839 1233 pratum
867 1182 1025 1221 solidius
1059 1192 1104 1218 ac
1131 1181 1260 1219 durius
1288 1182 1339 1229 ΙΙ,
1370 1180 1429 1229 17,
1459 1180 1491 1219 7.
1533 1184 1687 1219 strenue
1714 1186 1826 1229 atque
1867 1183 2054 1221 industrie

203 1253 235 1300 I,
263 1253 298 1299 8,
329 1250 388 1289 18.
417 1253 527 1288 tener
554 1253 666 1297 atque
694 1251 862 1289 infirmus
890 1250 936 1297 V,
965 1249 1000 1297 5,
1029 1246 1064 1285 8.
1105 1248 1237 1285 tardus
1278 1250 1390 1294 atque
1431 1248 1533 1285 iners
1562 1248 1628 1296 VI,
1658 1246 1720 1286 28.
1767 1260 1842 1287 non
1881 1250 2053 1288 turbidus

203 1328 274 1355 nec
300 1317 536 1364 procellosus
563 1317 631 1365 IV,
661 1316 721 1365 18,
751 1316 786 1355 7.
825 1318 929 1354 tutus
969 1325 1013 1352 ac
1054 1313 1219 1351 munitus
1245 1313 1276 1361 Ι,
1306 1312 1340 1361 8,
1372 1312 1429 1351 16.
1470 1325 1583 1351 unum
1625 1325 1669 1352 ac
1709 1315 1832 1353 solum
1868 1316 1898 1364 Ι,
1930 1315 1965 1364 8,
1999 1316 2055 1354 14.

204 1383 333 1442 Yarius
361 1383 631 1429 dissimilisque
662 1383 681 1421 1
711 1382 828 1430 praef.
855 1381 915 1419 24.
943 1380 1071 1419 varius
1101 1382 1139 1417 et
1165 1380 1338 1418 diversus
1381 1380 1447 1427 VI,
1478 1380 1512 1427 1,
1542 1381 1576 1418 2.
1614 1381 1760 1419 vicinus
1807 1384 1919 1428 atque
1966 1394 2052 1420 con-

205 1450 352 1487 iunctus
381 1449 426 1496 V,
460 1451 489 1495 1,
519 1450 552 1486 2.
579 1460 760 1496 praeceps
789 1451 828 1486 et
853 1450 1057 1495 praerupta
1082 1446 1219 1493 positio
1247 1446 1314 1494 IV,
1344 1447 1404 1494 22,
1446 1445 1481 1484 8.
1524 1458 1629 1484 mora
1669 1448 1797 1495 segnis
1828 1451 1867 1486 et
1906 1451 2054 1487 umbra-

205 1515 284 1553 tilis
312 1515 343 1563 Ι,
373 1515 408 1562 2,
439 1513 470 1551 1.

393 1661 427 1708 ε’)
455 1661 515 1697 Ex
542 1661 706 1698 verbis
748 1660 1036 1698 cumulationem
1065 1658 1348 1696 conficientibus
1382 1669 1645 1697 commemoro:
1686 1660 1831 1707 agitare
1860 1664 1899 1698 et
1926 1663 2055 1698 exten-

209 1728 299 1764 dere
326 1726 414 1773 VII,
443 1727 478 1774 5,
507 1725 541 1764 3.
580 1727 792 1764 cancellare
820 1728 932 1773 atque
966 1724 1116 1762 irretire
1149 1723 1216 1772 IV,
1246 1724 1280 1772 2,
1310 1725 1342 1761 2.
1384 1727 1584 1762 concutere
1618 1727 1729 1772 atque
1758 1725 1948 1764 concitare
1988 1726 2054 1774 VI,

207 1794 269 1841 37,
298 1792 357 1830 20.
397 1803 602 1840 congerere
635 1796 674 1830 et
700 1803 922 1839 componere
949 1791 1021 1839 III,
1051 1789 1112 1838 11,
1140 1789 1175 1827 3.
1222 1790 1463 1828 considerare
1504 1794 1543 1828 et
1570 1792 1872 1830 animadvertere
1900 1793 1990 1841 XII,
2021 1792 2056 1839 3,

210 1857 269 1896 10.
299 1859 522 1896 contrahere
551 1860 589 1896 et
616 1868 821 1906 congerere
848 1858 920 1906 ΙΙΙ,
951 1856 1011 1906 14,
1031 1855 1064 1894 8.
1093 1867 1226 1893 curare
1253 1859 1366 1903 atque
1394 1858 1599 1895 observare
1627 1858 1714 1906 VH,
1741 1858 1798 1906 11,
1819 1857 1852 1896 3.
1881 1859 2055 1906 digerere

210 1928 250 1962 et
276 1925 476 1972 disponere
504 1925 575 1972 ΙΙΙ,
605 1923 666 1973 20,
693 1925 729 1962 4.
759 1925 960 1972 disponere
989 1926 1028 1961 et
1055 1922 1241 1969 dissipare
1268 1923 1319 1970 II,
1351 1922 1410 1971 10,
1439 1922 1472 1961 6.
1501 1935 1636 1962 eruere
1664 1928 1703 1962 et
1730 1926 1955 1964 submovere
1983 1926 2055 1973 ΙΠ,

215 1991 271 2039 13,
299 1991 333 2028 6.
361 2000 538 2029 everrere
566 1992 605 2028 et
630 2001 792 2038 purgare
820 1991 908 2039 VII,
934 1989 969 2038 4,
999 1989 1033 2027 5.
1061 2000 1240 2027 exercere
1268 1992 1307 2026 et
1334 1989 1459 2027 colere
1479 1986 1571 2039 (rus)
1599 1990 1708 2039 VHI,
1741 1992 1772 2039 1,
1794 1990 1828 2029 1.
1857 1991 2056 2029 exhaurire

209 2058 321 2102 atque
347 2058 546 2093 attenuare
573 2057 619 2104 V,
648 2057 683 2104 6,
713 2054 772 2093 26.
811 2057 1009 2102 exquirere
1037 2058 1149 2101 atque
1178 2055 1376 2102 explorare
1404 2055 1470 2102 VI,
1499 2054 1561 2103 36,
1591 2056 1623 2093 1.
1659 2056 1822 2104 figurare
1850 2060 1889 2094 et
1914 2057 2057 2105 fingere

209 2122 280 2169 IX,
311 2121 372 2169 15,
401 2124 436 2159 7.
480 2122 654 2168 ingerere
683 2125 722 2159 et
747 2122 922 2159 inoccare
948 2123 1000 2169 ΙΙ,
1029 2120 1065 2169 8,
1092 2122 1127 2158 4.
1162 2121 1338 2168 persequi
1365 2123 1478 2167 atque
1506 2122 1659 2169 exigere
1686 2123 1777 2171 XII,
1808 2122 1842 2170 3,
1872 2124 1909 2160 6.
1940 2123 2058 2169 possi-

210 2189 301 2226 dere
330 2191 368 2226 et
394 2188 534 2226 habere
563 2187 671 2235 VIII,
701 2186 737 2235 8,
768 2186 827 2226 10.
860 2188 1104 2235 proscindere
1133 2190 1171 2225 et
1198 2187 1374 2235 subigere
1401 2187 1452 2234 II,
1484 2186 1542 2235 17,
1571 2188 1607 2225 4.
1641 2191 1840 2236 protegere
1868 2188 2058 2235 tutarique

210 2254 281 2301 III,
312 2252 371 2302 10,
405 2255 461 2291 11.
505 2264 711 2300 provocare
754 2257 793 2290 et
832 2253 970 2291 elicere
1014 2253 1084 2301 III,
1115 2252 1174 2301 15,
1204 2252 1238 2290 5.
1282 2252 1456 2300 refugere
1497 2256 1536 2290 et
1571 2252 1817 2291 reformidare
1858 2254 1930 2302 ΙΙΙ,
1959 2255 1994 2302 3,
2026 2254 2057 2292 1.

209 2320 449 2364 requiescere
477 2323 516 2355 et
542 2319 645 2355 refici
671 2319 738 2364 IV,
766 2317 827 2364 27,
855 2317 889 2354 6.
925 2319 1119 2363 requirere
1147 2322 1186 2355 et
1213 2319 1431 2355 desiderare
1459 2319 1525 2364 VI,
1554 2318 1614 2364 35,
1648 2322 1676 2355 1.
1710 2331 1885 2356 resecare
1914 2323 1953 2356 et
1978 2319 2057 2357 am-

209 2387 342 2431 putare
370 2385 437 2433 VI,
467 2382 527 2432 32,
557 2383 592 2422 3.
621 2383 786 2421 retinere
814 2385 853 2421 et
879 2384 1075 2422 retardare
1102 2383 1154 2432 II,
1183 2382 1218 2432 2,
1249 2382 1307 2421 26.
1342 2385 1550 2421 retractare
1578 2394 1622 2420 ac
1649 2384 1861 2432 recogitare
1891 2384 1911 2422 1
1940 2385 2059 2433 praef.

212 2450 271 2487 13.
307 2451 470 2497 (agrum)
506 2451 700 2487 resolvere
728 2453 766 2486 et
793 2450 968 2496 subigere
995 2449 1048 2496 II,
1078 2451 1113 2497 2,
1142 2449 1201 2486 24.
1243 2450 1477 2487 revirescere
1505 2452 1570 2486 aut
1597 2451 1848 2495 repubescere
1876 2452 1928 2498 ΙΙ,
1958 2451 1993 2498 1,
2021 2453 2059 2489 4.

211 2516 355 2554 siccare
385 2518 499 2563 atque
529 2517 709 2564 detegere
736 2515 766 2563 Ι,
795 2516 830 2561 5,
859 2516 892 2552 8.
932 2517 1086 2553 vastare
1127 2518 1167 2553 et
1192 2514 1364 2562 populari
1395 2514 1426 2563 Ι,
1455 2513 1490 2562 3,
1522 2513 1579 2552 13.
1622 2518 1774 2554 vertere
1810 2520 1850 2555 et
1877 2517 2053 2566 subigere

210 2583 281 2631 III,
320 2584 376 2631 13,
399 2582 447 2619 .1.
493 2582 636 2620 vestire
664 2585 703 2620 et
729 2584 927 2629 protegere
968 2581 1013 2628 V,
1060 2580 1095 2628 5,
1143 2580 1201 2618 19.
1240 2584 1317 2618 tam
1354 2580 1548 2619 vindicare
1594 2593 1705 2629 quam
1755 2584 2060 2622 animadvertere

210 2649 241 2696 Ι,
279 2647 315 2696 8,
346 2647 404 2685 18.
