2290 3102
995 310 1247 350 -25-

201 432 334 469 corpus
362 421 409 458 ab
436 422 591 467 aspectu
618 419 729 468 agile.
758 442 807 446 —
838 421 950 468 „Ab“
993 421 1094 460 idem
1133 422 1346 470 significare
1373 422 1533 475 videtur,
1564 424 1661 469 quod
1689 424 1838 472 „post“
1870 424 1932 462 vel
1955 436 2046 473 „se-

201 487 439 526 cundum“:
468 487 520 534 11,
537 485 597 534 10,
612 484 663 523 22
681 487 728 524 ab
747 487 805 525 his
824 488 1074 535 leguminibus
1090 488 1186 525 ratio
1205 489 1381 525 habenda
1400 491 1459 526 cst
1477 500 1657 535 naporum
1676 502 1922 537 raporumque
1937 492 1975 538 ¹).
1995 492 2047 539 ΙΙ,

202 552 262 602 14,
283 552 306 591 4
327 554 414 601 post
439 553 534 591 haec
561 552 715 591 ovillum
731 554 876 591 stercus
896 556 935 591 et
954 554 1001 592 ab
1015 554 1086 591 hoc
1100 551 1517 603 caprinumspptimum)
1533 557 1601 592 est.
1631 554 1676 592 cf.
1691 555 1742 602 II,
1762 556 1818 603 10,
1838 556 1881 604 43
1911 557 1982 605 III,
2013 558 2047 605 2,

200 620 272 658 21.
302 619 412 667 „Ab“
442 619 606 666 positum
634 622 703 666 est,
746 620 810 657 ubi
837 621 976 657 nudum
1002 620 1218 668 ablativum
1262 623 1542 665 exspectamus:
1584 621 1629 667 V,
1660 621 1719 668 10,
1750 621 1772 657 4
1800 625 1842 659 ut
1867 625 1971 660 terra
2001 646 2045 649 —

200 698 223 724 a
249 685 388 734 pluviis
416 696 491 723 non
518 685 702 723 abluatur.

384 751 619 797 Praepositio
651 751 777 798 „cum“
808 751 1017 789 insolenter
1043 751 1167 798 posita
1194 754 1254 788 cst
1280 753 1378 798 apud
1406 753 1562 789 verbum
1600 753 1811 799 complendi
1845 765 1911 799 pro
1948 756 2046 791 nudo

199 817 381 856 ablativo:
409 817 519 864 XIII,
549 816 583 865 4,
612 818 635 855 5
664 817 807 855 sulcum
835 828 917 855 cum
945 817 1196 855 instercorata
1223 819 1326 854 terra
1353 818 1401 854 ad
1429 817 1593 854 medium
1621 817 1815 865 completo.

389 902 496 950 „De“
527 913 593 949 pro
624 902 724 950 „ex“
756 904 957 949 usurpatur
982 903 1073 950 XII,
1115 901 1176 949 49,
1217 902 1240 938 8
1269 913 1351 939 cum
1378 902 1502 940 olivae
1545 905 1684 940 exeunt
1712 904 1758 939 de
1787 903 1915 940 muria.
1956 904 2045 951 XII,

199 970 262 1018 49,
291 969 314 1007 4
342 969 591 1016 spissamento
619 968 719 1006 facto
747 970 795 1006 de
822 969 1044 1006 arundinum
1071 968 1183 1006 foliis.

383 1044 618 1091 Praepositio
651 1043 844 1091 „desub“
874 1043 1068 1082 rarissime
1095 1044 1302 1092 invenitur3
1331 1046 1428 1091 apud
1445 1045 1689 1083 Columellam
1710 1056 1782 1083 uno
1805 1046 1887 1082 loco
1916 1056 2042 1084 occur-

200 1113 251 1150 rit
278 1111 369 1160 XII,
398 1109 448 1148 34
476 1113 638 1149 mustum
666 1111 784 1148 desub
813 1121 940 1148 massa
967 1112 1006 1147 et
1032 1110 1226 1157 limpidum
1254 1109 1315 1147 sit.
1345 1110 1591 1158 (Quamquam
1619 1110 1681 1148 hic
1708 1110 1813 1147 locus
1843 1110 2044 1158 interpola-

198 1178 312 1214 tionis
342 1177 555 1222 suspicione
582 1187 656 1212 non
685 1176 816 1221 caret.)
837 1175 865 1221 ²)

386 1252 441 1299 „E
451 1251 497 1289 x“
527 1253 729 1298 usurpatur
756 1252 803 1288 de
831 1250 1000 1299 materia,
1028 1251 1128 1288 unde
1156 1250 1297 1297 aliquid
1317 1250 1525 1289 confectum
1547 1254 1622 1289 est:
1645 1251 1731 1299 VII,
1760 1238 1799 1300 3,
1824 1250 1869 1289 21
1894 1251 2046 1290 aluntur

198 1317 332 1355 ulmeis
360 1318 499 1355 velex
526 1316 674 1353 fraxino
710 1316 915 1353 frondibus.
950 1316 1038 1361 VII,
1080 1316 1114 1363 3,
1143 1315 1193 1352 22
1221 1326 1267 1352 ex
1307 1316 1557 1362 leguminibus
1598 1317 1742 1362 paleae.
1774 1339 1819 1342 —
1851 1318 1967 1353 Porro
1997 1328 2044 1353 ex

204 1384 432 1420 medicorum
460 1394 563 1418 more
586 1383 613 1428 3)
643 1385 689 1418 de
718 1394 764 1418 ea
794 1394 835 1418 re
868 1382 1016 1428 dicitur,
1058 1394 1213 1427 quacum
1260 1383 1497 1418 commixtum
1540 1383 1691 1426 aliquod
1732 1383 2045 1419 medicamentum

205 1450 475 1497 praeparatur:
505 1446 596 1496 XII,
625 1445 686 1496 48,
717 1445 736 1485 1
767 1457 814 1484 ex
841 1449 947 1484 aceto
976 1446 1120 1484 modice
1148 1446 1186 1483 in
1212 1447 1350 1484 cacabo
1378 1456 1496 1483 aeneo
1524 1446 1694 1493 (inulam)
1735 1447 1894 1493 coquito.
1937 1446 2044 1483 Colu-

202 1517 339 1552 mellae
366 1515 547 1561 propriae-
568 1517 656 1551 sunt
680 1513 763 1554 Hae.
780 1515 1005 1551 locutiones:
1047 1516 1114 1562 VI,
1148 1513 1208 1560 29,
1243 1513 1266 1550 3
1294 1525 1427 1560 corpus
1456 1515 1506 1550 sit
1533 1525 1578 1549 ex
1606 1515 1718 1560 longo
1749 1537 1793 1540 —
1824 1516 2042 1561 rotundum3

198 1592 320 1619 mores
349 1583 474 1618 autem
500 1581 713 1627 laudantur,
743 1579 805 1626 qui
833 1581 920 1617 sunt
953 1590 999 1617 ex
1035 1579 1183 1627 placido
1228 1579 1404 1617 concitati
1445 1582 1484 1617 et
1524 1591 1571 1617 ex
1612 1579 1798 1617 concitato
1827 1579 2042 1628 mitissimi3

132 1653 147 1662 ‘⁴
196 1646 304 1694 VIII,
332 1645 368 1693 2,
397 1645 419 1682 9
447 1646 580 1692 paleae
608 1655 655 1682 ex
683 1645 795 1682 rutilo
815 1645 1024 1682 albicantes
1054 1667 1101 1671 —
1129 1646 1239 1682 iubae
1259 1645 1386 1683 variae
1404 1646 1465 1682 vel
1494 1656 1540 1681 ex
1569 1656 1659 1681 auro
1678 1645 1811 1682 flavae.
1846 1646 1934 1691 „Ex
1963 1646 2038 1682 eo“

195 1724 261 1759 pro
291 1712 450 1759 „inde“
481 1712 633 1748 dicitur:
662 1712 713 1758 II,
743 1713 778 1758 2,
807 1710 856 1748 28
889 1712 987 1748 colla
1015 1712 1248 1759 conflagrant
1287 1715 1325 1748 et
1353 1723 1400 1748 ex
1442 1723 1485 1748 eo
1514 1715 1637 1748 tumor
1676 1723 1720 1748 ac
1747 1712 1883 1748 deinde
1912 1713 2041 1749 ulcera

197 1778 391 1815 invadunt.

383 1852 542 1900 „Prae“
574 1863 656 1888 cum
683 1852 822 1898 verbis,
852 1863 946 1897 quae
980 1853 1194 1899 significant
1234 1854 1408 1900 quietem,
1450 1854 1537 1890 inde
1566 1865 1589 1889 a
1615 1853 1723 1890 Livio
1765 1864 1830 1899 pro
1876 1865 1921 1900 „a
1933 1853 2030 1890 nte⁴⁴

194 1919 446 1966 coniungitur.
469 1918 497 1963 ⁴)
538 1918 599 1954 Ita
627 1917 832 1954 Columella
861 1917 969 1954 dicit:
998 1918 1028 1964 I,
1058 1918 1092 1964 ὃ,
1122 1919 1145 1954 4
1173 1922 1214 1955 ut
1241 1931 1263 1955 a
1289 1922 1396 1965 tergo
1424 1919 1547 1965 potius
1571 1929 1679 1963 quam
1713 1929 1802 1963 prae
1832 1930 1872 1955 sc
1900 1918 2037 1955 flumen

194 1986 344 2023 habeat.

377 2060 672 2107 Praepositionis
705 2059 830 2106 „pro“
875 2060 968 2096 haec
995 2060 1167 2106 exempla
1193 2060 1324 2106 putavi
1351 2062 1534 2097 notanda:
1579 2059 1650 2105 ΙΙΙ,
1689 2060 1723 2105 5,
1759 2061 1772 2095 1
1823 2061 1919 2105 quod
1964 2070 2033 2106 ego

193 2128 345 2165 minime
373 2138 459 2164 reor
486 2137 571 2163 esse
599 2137 664 2172 pro
693 2125 868 2172 agricola.
896 2125 985 2173 XII,
1015 2124 1062 2163 36
1092 2127 1161 2163 hoc
1188 2127 1275 2164 vino
1303 2126 1425 2173 possis
1453 2138 1519 2172 pro
1547 2124 1714 2163 remedio
1743 2124 1809 2161 uti.

381 2210 599 2258 „ProcuP‘
631 2210 849 2247 adverbium
877 2209 984 2254 quasi
1010 2208 1238 2254 praepositio
1273 2219 1355 2245 cum
1375 2209 1541 2246 ablativo
1570 2210 1731 2255 positum
1761 2213 1835 2246 est:
1868 2210 1886 2246 1
1916 2211 2035 2256 praef.

194 2276 242 2315 33
271 2277 365 2315 illud
392 2276 521 2324 procul
548 2286 638 2314 vero
668 2278 736 2313 est.
779 2275 865 2322 VII,
894 2272 929 2322 8,
958 2272 980 2311 3
1023 2273 1182 2311 mulctra
1221 2273 1320 2311 haud
1362 2274 1490 2320 procul
1526 2274 1612 2321 igne
1659 2274 1924 2312 constituenda
1967 2278 2036 2312 cst.

192 2344 290 2388 (Liv.
321 2343 468 2387 Quinct.
498 2342 594 2377 Plin.
624 2342 742 2386 Suet.)
772 2341 844 2377 Sed
862 2340 947 2375 aliis
974 2340 1067 2375 locis
1083 2340 1222 2384 legitur
1252 2341 1435 2384 „procul
1464 2341 1564 2375 ab*:
1600 2342 1614 2375 1
1647 2341 1764 2384 praef.
1794 2339 1843 2375 30
1864 2341 1992 2385 procul
2012 2352 2035 2376 a

192 2405 603 2457 111ari;1‚2,3;111,
633 2404 668 2455 7,
699 2407 739 2456 2;
769 2405 814 2454 V,
848 2406 876 2453 l,
906 2402 1042 2453 831X,
1077 2404 1105 2452 1,
1139 2402 1340 2453 131X,5‚
1376 2404 1405 2441 1.

361 2600 381 2635 ¹)
406 2599 467 2628 Csr.
493 2600 569 2628 Plin.
594 2608 623 2628 n.
649 2600 678 2628 h.
704 2600 781 2635 XIV,
806 2602 831 2633 7,
858 2602 873 2626 9
896 2598 934 2626 ab
959 2599 1006 2625 his
1030 2598 1167 2633 dignatio
1190 2601 1237 2626 cst
1260 2600 1418 2634 Sicyonio.

360 2650 382 2685 2)
407 2650 468 2679 Cir.
495 2649 594 2678 Hand.
617 2650 707 2679 Turs.
732 2650 755 2678 u
779 2658 828 2687 pg.
854 2651 908 2676 282
931 2656 976 2685 sq.

362 2699 384 2732 3,
409 2699 470 2726 Cl'r.
497 2699 597 2726 Hand.
619 2698 709 2726 Turs.
735 2699 758 2725 ll
782 2706 831 2734 pg.
855 2700 921 2725 633.

360 2747 382 2783 4)
406 2746 466 2775 err.
490 2746 638 2782 Draeger.
670 2747 703 2778 Η,
725 2747 754 2775 S.
779 2746 789 2774 1
812 2754 862 2783 pg.
887 2747 954 2774 6⁴0.
