2290 3102
1033 305 1285 344 „58-

238 429 334 464 quae
363 418 588 455 omittuntur
614 418 735 455 verba
762 420 827 455 aut
854 419 1024 456 membra
1051 416 1347 464 sententiarum,
1389 415 1470 453 fere
1498 415 1623 453 omnia
1648 416 1749 454 haud
1776 416 1979 454 difficulter
2005 419 2093 455 sunt

232 484 454 533 supplenda.

1108 554 1128 601 ξ
1156 551 1218 590 69.

418 625 585 662 Primum
628 624 831 662 brevitatis
878 625 1043 662 studium
1087 626 1244 671 apparet
1293 623 1464 661 adhibita
1512 624 1913 671 „dissolutione“,
1979 636 2089 670 quam

233 690 373 728 Graeci
400 691 675 738 asyndeton
701 693 848 728 vocant.
876 690 922 727 In
940 690 1157 728 universum
1176 688 1492 736 praemittendum
1513 691 1572 727 est
1598 689 1704 737 illud,
1742 689 2091 728 dissolutionis

230 768 360 795 usum
387 757 487 803 apud
514 756 760 794 Columellam
789 767 874 793 esse
902 756 1354 802 frequentissimum.
1417 755 1623 801 Praecipue
1662 756 1762 792 enim
1803 767 1849 792 ea
1883 759 2086 803 usurpatur

230 822 270 860 in
298 822 646 860 enumerandis
672 820 876 870 singulis
905 822 1060 870 rebus,
1103 820 1168 860 ubi
1207 820 1491 859 coniunctiones
1533 821 1771 869 copulativae
1813 822 1928 860 multo
1965 823 2088 862 rarius

227 889 488 933 inveniuntur;
531 890 599 925 sed
641 899 723 924 cum
767 888 930 934 scriptor
970 891 1102 925 noster
1149 887 1224 924 nisi
1251 888 1299 923 ad
1327 887 1521 924 afferenda
1547 887 1621 923 tria
1648 888 1711 925 vel
1738 888 1847 934 plura
1875 889 2087 926 sententiae

228 954 398 993 membra
424 964 499 991 non
526 953 651 991 soleat
676 953 732 991 uti
759 954 830 990 hac
857 953 989 1002 figura,
1033 954 1080 991 ab
1122 953 1343 1000 optimorum
1383 964 1451 990 usu
1487 964 1562 990 non
1597 954 1749 991 recedit.
1805 955 1894 991 Jam
1921 966 2086 1001 propono

229 1020 412 1057 nonnulla
439 1020 633 1066 exempla:
663 1019 694 1066 Ι,
729 1021 759 1066 1,
793 1019 812 1056 1
843 1020 941 1057 haec
969 1019 1044 1056 sibi
1073 1019 1310 1057 advocanda:
1340 1018 1578 1066 prudentiam
1605 1018 1672 1068 rei,
1701 1019 1920 1057 tacultatem
1948 1020 2088 1068 impen-

232 1086 359 1133 dendi,
388 1085 623 1123 voluntatem
652 1086 803 1132 agendi.
834 1085 854 1123 1
880 1086 999 1133 praef.
1030 1085 1076 1122 31
1099 1086 1291 1132 Bryaxim,
1321 1086 1538 1132 Lysippum,
1567 1087 1810 1132 Praxitelem,
1839 1087 2085 1133 Polycletum.

230 1151 261 1199 I,
290 1149 325 1199 8,
354 1149 377 1188 2
405 1161 525 1199 genus
553 1150 592 1187 id
611 1151 883 1198 mancipiorum
903 1151 1005 1199 otiis,
1039 1161 1180 1199 campo,
1210 1150 1320 1199 circo,
1349 1151 1522 1199 theatris,
1551 1151 1671 1200 aleae,
1699 1152 1871 1200 popinae,
1899 1153 2087 1200 lupanari-

230 1219 300 1255 bus
327 1220 559 1254 consuetum.
587 1218 655 1264 VI,
680 1218 730 1254 20
757 1221 885 1254 tauros
914 1218 1092 1254 membris
1120 1217 1374 1262 amplissimis,
1404 1218 1568 1254 moribus
1597 1218 1769 1263 placidis,
1800 1219 1924 1254 media
1951 1222 2080 1255 aetate

228 1283 443 1331 probandos
463 1280 644 1329 censeo.¹)
661 1304 699 1309 —
724 1283 775 1330 ΙΙ,
787 1281 822 1330 2,
842 1282 861 1320 1
883 1294 1026 1330 genera
1045 1282 1187 1320 terreni
1201 1282 1285 1328 tria,
1308 1287 1530 1329 campestre,
1552 1283 1741 1329 collinum,
1762 1286 1988 1321 montanum.
2017 1285 2083 1331 IV,

230 1348 265 1397 3,
294 1348 318 1386 4
346 1349 490 1396 (vinea)
517 1359 579 1386 res
608 1351 668 1386 est
695 1351 838 1397 tenera,
868 1349 1027 1397 infirma,
1056 1347 1215 1386 iniuriae
1246 1347 1406 1385 maxime
1435 1348 1645 1395 impatiens.
1680 1349 1767 1397 VII,
1797 1348 1832 1396 9,
1861 1348 1883 1387 7
1913 1350 1964 1387 sit
1990 1350 2084 1398 vigi-

228 1416 325 1463 lans,
354 1415 525 1462 impiger,
554 1415 774 1462 industrius,
803 1427 935 1453 navus.
964 1416 1056 1462 XII,
1094 1414 1143 1451 27
1172 1414 1299 1451 vinum
1330 1414 1402 1450 erit
1422 1425 1549 1460 suave,
1579 1414 1735 1462 firmum,
1757 1416 1904 1461 corpori
1923 1416 2086 1453 salubre.

229 1481 296 1526 IV,
325 1480 386 1529 24,
416 1481 438 1518 7
467 1484 661 1519 sarmenta
687 1480 778 1528 lata,
808 1483 953 1529 vetera,
983 1481 1082 1518 male
1110 1483 1211 1527 nata,
1250 1482 1433 1527 contorta,
1468 1481 1639 1517 deorsum
1671 1482 1883 1527 spectantia
1911 1482 2081 1519 recidito.

416 1548 529 1585 Haud
568 1559 655 1586 raro
693 1547 914 1595 integrae
957 1546 1241 1584 sententiae
1276 1548 1532 1595 ,conseruntur
1582 1546 1770 1584 omissis
1808 1547 2086 1596 particulis,

228 1615 456 1662 praesertim
484 1615 547 1652 ubi
577 1615 767 1652 contraria
794 1614 1018 1661 significant.
1073 1614 1283 1650 Nonnullos
1311 1613 1414 1649 locos
1442 1613 1610 1659 proferre
1644 1613 1737 1649 satis
1767 1617 1847 1650 est:
1893 1614 1944 1661 II,
1978 1615 2034 1661 11,
2063 1614 2087 1650 8

227 1681 266 1718 id
293 1680 416 1727 prima
443 1680 645 1717 sarritione
680 1680 818 1717 fecisse
849 1680 1029 1726 proderit,
1059 1680 1226 1716 secunda
1254 1679 1386 1715 oberit.
1442 1679 1528 1725 VII,
1566 1677 1601 1725 8,
1643 1678 1666 1715 4
1700 1690 1833 1716 caseus
1871 1701 1920 1704 —
1948 1680 2088 1717 tabulis

227 1745 474 1793 componitur,
511 1745 732 1793 aspergitur
750 1745 851 1782 tritis
884 1746 1040 1783 salibus.
1070 1746 1116 1792 V,
1149 1745 1185 1792 6,
1215 1743 1264 1781 26
1297 1748 1338 1781 ut
1370 1744 1774 1791 veteres—palmites
1796 1746 2085 1792 —recidantur,

226 1811 316 1849 novi
343 1833 390 1838 —
417 1811 696 1848 submittantur.
727 1811 770 1857 V,
802 1809 837 1857 6,
865 1809 915 1848 26
948 1811 1122 1856 quoniam
1156 1810 1309 1847 ultimus
1342 1811 1485 1856 palmes
1502 1832 1547 1835 -—
1571 1810 1731 1846 fructum
1752 1811 1872 1857 affert,
1892 1812 2082 1857 proximus

228 1897 274 1901 -
296 1876 413 1914 vitem
441 1875 626 1913 exhaurit.
653 1876 740 1922 VII,
758 1875 792 1922 3,
816 1877 840 1911 6
868 1876 1010 1912 femina
1034 1875 1182 1913 iuvenis
1201 1875 1362 1912 habetur
1390 1875 1652 1922 quinquennis,
1682 1875 1826 1913 fatiscit
1843 1879 1929 1923 post
1948 1887 2084 1913 annum

227 1940 437 1988 septimum.
465 1941 552 1988 VH,
573 1939 608 1988 3,
629 1939 651 1978 7
681 1941 911 1978 mercaberis
941 1952 1032 1978 oves
1052 1940 1235 1988 intonsas,
1257 1942 1401 1978 variam
1432 1953 1637 1987 canamque
1666 1942 1905 1989 improbabis.
1934 1944 1979 1990 V,
1997 1943 2067 1989 2,1

225 2010 405 2052 tanquam
422 2010 481 2043 est
495 2008 599 2043 locus
616 2009 764 2043 centum
780 2008 935 2053 pedum:
954 2007 1123 2044 ducimus
1140 2007 1283 2044 centies
1300 2011 1479 2044 centenos
1494 2018 1500 2039 :
1516 2008 1609 2044 fiunt
1625 2009 1753 2044 decem
1763 2008 1877 2044 milia.
1889 2009 1935 2045 cf.
1946 2007 2035 2055 V,2,
2047 2008 2081 2045 7.

1101 2094 1120 2138 ξ
1149 2089 1208 2129 70.

411 2161 620 2210 Praecipue
645 2172 735 2200 vero
768 2162 967 2201 brevitatis
995 2162 1159 2201 studium
1187 2163 1351 2201 cernitur
1376 2163 1413 2201 in
1445 2164 1491 2211 „d
1503 2163 1812 2201 etractionis“
1837 2165 1899 2203 vel
1923 2164 2083 2213 „ellip-

224 2230 315 2266 sis“
347 2241 427 2266 usu.
483 2229 717 2265 Omittuntur
744 2229 875 2274 igitur:

410 2293 448 2341 a)
476 2292 857 2340 Substantiva¹).
887 2295 1027 2332 veluti:
1062 2294 1132 2341 XI,
1162 2293 1196 2341 3,
1226 2293 1273 2330 56
1302 2294 1436 2341 cepina
1464 2294 1530 2341 (sc.
1558 2294 1673 2342 area).
1714 2294 1822 2342 VIII,
1853 2294 1911 2342 14,
1943 2295 1961 2332 1
1992 2306 2081 2332 nan-

222 2361 315 2397 tium
344 2360 409 2407 (sc.
438 2360 592 2405 avium).
622 2360 688 2406 VI,
718 2359 779 2406 24,
808 2361 832 2396 3
862 2363 900 2396 et
928 2360 951 2395 4
980 2360 1088 2396 forda
1116 2362 1181 2405 (sc.
1210 2358 1301 2408 bos).
1331 2360 1397 2406 VI,
1428 2359 1489 2406 29,
1517 2360 1543 2396 4
1577 2360 1738 2396 molares
1768 2360 1981 2405 superiores
2012 2361 2079 2406 (sc.

221 2426 384 2474 dentes).
438 2425 504 2474 Vl,
534 2423 596 2474 27,
626 2424 649 2463 9
677 2424 925 2464 admissarius
955 2422 1019 2474 (sc.
1048 2426 1190 2473 equus).
1246 2426 1296 2474 ΙΙ,
1325 2425 1360 2474 8,
1390 2428 1413 2464 5
1442 2427 1621 2464 adoreum
1660 2426 1728 2472 (sc.
1771 2425 1856 2473 far).
1898 2427 1963 2473 VI,
1992 2429 2027 2473 9,
2060 2427 2075 2463 1

221 2492 378 2529 salivati
406 2492 472 2537 (sc.
493 2491 780 2537 medicaminis).
811 2491 878 2537 VI,
912 2489 969 2537 12,
999 2492 1022 2526 3
1051 2493 1203 2537 spartea
1230 2490 1297 2536 (sc.
1321 2492 1453 2538 solea).
1483 2491 1553 2539 IX,
1568 2490 1602 2539 1,
1625 2491 1647 2527 2
1676 2490 1831 2539 Signino
1852 2491 1919 2539 (sc.
1941 2489 2079 2543 opere).

394 2596 417 2631 ¹)
439 2597 502 2624 Cfr.
527 2597 563 2627 ll.
588 2599 635 2630 2⁴,
661 2600 693 2629 Ἢ
720 2597 767 2628 ΙΙΙ,
794 2598 820 2629 2,
847 2597 901 2630 2st
926 2595 959 2627 V,
985 2598 1012 2627 8,
1038 2598 1076 2628 3;
1103 2595 1148 2628 Vl,
1171 2598 1197 2628 9,
1224 2598 1257 2628 23
1293 2596 1354 2629 vn,
1379 2599 1406 2629 6,
1432 2599 1465 2629 ²,
1507 2597 1556 2630 ΧΙ,
1582 2599 1609 2629 3,
1634 2598 1687 2631 Ης
1725 2596 1789 2630 ΧΗ,
1815 2599 1842 2629 7,
1865 2598 1902 2631 5;
1942 2596 2006 2631 ΧΙΙ,
2031 2598 2076 2631 ¹07,

221 2645 255 2685 513
280 2645 362 2681 xlll,
389 2647 415 2681 3,
442 2648 468 2675 4.
492 2662 527 2667 —-
552 2645 587 2679 V,
611 2647 638 2679 ⁶,
665 2648 701 2680 ⁴3
727 2644 760 2680 V,
788 2647 833 2679 ⁴0,
858 2646 893 2679 9;
920 2644 981 2679 Vll,
1007 2647 1034 2679 6,
1058 2644 1267 2679 9;xl11,2o,
1294 2649 1320 2673 4.

392 2695 415 2729 ²)
441 2696 505 2722 noc
531 2695 787 2728 „detractionis“
809 2701 909 2726 genus
931 2695 1089 2720 sermonis
1111 2693 1261 2719 cotidiani
1289 2694 1502 2728 neglegentiae
1527 2694 1687 2719 convenit.
1726 2693 1764 2720 cs.
1800 2693 1916 2727 Weise,
1939 2693 2077 2720 Charak-

221 2742 345 2772 ieristik
370 2741 427 2771 der
450 2742 501 2771 lat.
525 2741 664 2781 Sprache
687 2748 718 2779 p.
742 2742 807 2770 ΗΒ.
